2604 4264
489 251 562 296 PARS
584 248 750 294 SPECIALIS.
1054 255 1105 300 tlt

162 371 329 436 Aliassum
344 366 512 432 ordinariae
523 371 555 428 et
569 367 742 444 generales,
760 364 830 427 aliae
844 385 917 430 vero
934 371 1107 433 extraordi-

119 468 222 532 nariae
243 473 275 530 et
300 465 516 546 particulares.
549 461 683 525 Ratione
710 481 929 542 personarum,
961 469 1109 546 quaedam

119 570 270 632 constant
285 583 324 627 ex
352 562 427 625 solis
448 560 584 636 clericis,
602 562 749 638 quaedam
772 578 809 622 ex
823 562 966 641 personis
981 567 1111 627 saecula-

120 665 225 738 ribus,
243 663 391 742 quaedam
407 664 480 721 sunt
496 659 604 720 mixtae
620 676 658 719 ex
674 659 829 738 utrisque.
844 659 976 723 Ratione
988 679 1107 738 rerum,

121 761 160 822 in
174 759 363 840 quibusdam
377 757 564 818 deteruntur
573 757 764 817 Sanctorum
776 755 918 835 reliquie
936 761 983 821 vel
992 758 1108 843 imagi-

122 857 234 935 nes‚in
245 856 436 937 quibusdam
450 844 692 915 Sanctissimum
707 855 959 916 Sacramentum.
968 858 1013 918 Ex
1019 855 1110 919 variis

122 955 229 1018 causis
252 955 293 1016 ob
307 970 385 1032 quas
396 954 485 1024 fiunt,
500 951 570 1012 aliae
587 949 734 1011 dicuntur
749 951 831 1013 laetae
851 958 882 1014 et
893 952 1026 1028 ,festivae
1040 953 1109 1015 aliae

123 1051 316 1115 sunttristes
331 1049 364 1111 in
382 1048 495 1128 quibus
510 1048 618 1108 fideles
634 1046 831 1138 pmpitentiee
845 1048 934 1129 signa
946 1051 1106 1114 exhibent.

164 1149 315 1228 Episcopi
331 1153 379 1209 est
398 1145 619 1225 processiones
640 1143 794 1222 indicere,
811 1147 996 1225 permittere
1011 1155 1043 1211 et
1057 1167 1109 1222 or-

123 1247 245 1325 dinare,
255 1264 293 1307 ac
306 1244 436 1324 insuper
449 1241 657 1322 invigilarent
670 1243 803 1306 honeste
816 1245 902 1320 fiant,
919 1248 958 1306 ad
968 1246 1111 1311 tramites

127 1343 220 1424 juris
236 1345 367 1424 etjuxta
384 1339 537 1402 rubricas.
591 1335 593 1339 ’

172 1443 213 1504 Il.
228 1440 481 1521 Pereprinntioues
492 1439 531 1499 ad
545 1439 615 1498 loca
636 1443 759 1500 remota
786 1439 983 1516 ordinantur,
1000 1459 1113 1522 easque

129 1539 248 1620 privati
262 1537 494 1618 aggrediuntur.
506 1535 678 1616 Praecipuae
693 1541 765 1598 sunt
780 1539 1050 1618 peregrinationes
1073 1544 1113 1603 ad

129 1635 245 1699 limina
254 1637 490 1716 Apostolorum,
505 1635 544 1695 ad
558 1635 627 1696 loca
641 1641 749 1697 sancta
759 1638 945 1715 Jerusalem,
963 1641 1002 1700 ad
1020 1643 1051 1702 S.
1068 1642 1115 1702 Ja-

130 1734 252 1796 cobum
265 1734 568 1812 Compostellanum.

171 1833 225 1894 ΙΙΙ.
249 1830 299 1892 Vin
310 1831 404 1892 crucis
422 1828 512 1892 variis
525 1827 714 1892 stationibus
732 1838 939 1909 repraesentat
959 1835 1031 1895 loca
1047 1852 1115 1914 pas·

131 1927 222 1990 sione
238 1928 354 1990 Christi
366 1928 572 1989 sanctificata.
590 1927 690 2004 Hujus
705 1927 911 1991 institutionis
927 1949 998 2011 ope,
1011 1930 1123 1993 indul·

47 2042 50 2047 ·
132 2024 254 2106 gentias
278 2026 441 2087 lucrantur
462 2023 507 2086 illi
527 2025 649 2100 fideles,
668 2025 722 2106 qui
737 2034 904 2106 nequeunt
927 2031 1116 2093 locosancta

134 2121 422 2205 Hierosolymitana
436 2120 573 2184 visitare.

472 2332 728 2388 ARTICULUS
753 2334 785 2389 ll

506 2499 540 2536 DE
554 2499 636 2538 REBUS
654 2499 752 2540 secuIS.

117 2612 119 2616 ¹
169 2636 232 2700 §l.
248 2633 303 2688 Res
315 2635 500 2689 consecratae.

173 2725 189 2786 ἓ
205 2724 231 2775 2.
248 2722 303 2776 Res
316 2719 484 2776 benedictae.

171 2810 189 2874 fi
205 2813 232 2864 3.
248 2807 303 2864 Res
316 2813 431 2864 sanctae.

379 2985 395 3049 ς
409 2983 435 3037 l.
449 3011 477 3022 -
493 2985 531 3037 lle
546 2985 632 3039 rebus
649 2982 824 3040 consecrat-is
837 2987 850 3054 ⁸(
864 2988 885 3052 ).

181 3144 208 3206 Ι.
228 3143 358 3205 Altaria.
377 3177 416 3191 -
430 3145 551 3206 Eorum
578 3145 711 3224 species,
733 3146 847 3220 forma,
869 3143 1065 3206 consecratio
1092 3149 1124 3207 et

147 3241 316 3305 execratio.
410 3282 447 3337 N

187 3343 217 3402 l.
239 3341 377 3420 Duplicis
397 3345 471 3403 sunt
493 3339 630 3420 generis,
660 3357 776 3419 nempe
803 3339 868 3424 fiee
889 3342 937 3402 vel
954 3317 1121 3422 portatilia.

147 3437 224 3502 Fixa
236 3437 385 3502 dicuntur
398 3440 453 3500 illa
472 3437 543 3518 q‘uae
558 3435 684 3503 stabilia
697 3446 781 3520 sunt,
795 3447 827 3504 et
849 3444 1077 3504 consecrantur
1089 3444 1124 3502 ut

181 3601 213 3664 (l)
223 3599 449 3662 Schmolzgrueber,
460 3598 503 3650 tlt.
516 3600 548 3650 de
562 3599 758 3653 coronatione.
989 3657 990 3660 Ἴ

976 3694 1003 3739 7.
