2590 4262
215 289 270 336 att
376 289 533 336 excestria
554 289 730 335 nnmoblcn
751 289 834 335 Junts
856 289 1009 336 canorum.

216 404 346 466 oriminis
357 406 552 487 manifestatio
565 405 710 489 superiori
718 405 810 486 secto,
823 424 880 466 non
894 413 1040 486 assumpto
1046 403 1179 486 probandi

215 522 310 565 onere
325 503 380 564 His
396 501 516 564 ultimis
531 503 635 564 verbis
651 503 756 566 diliert
769 504 809 564 ab
824 503 1040 564 accusatione.

256 612 411 675 Dividitur
425 613 457 673 in
472 613 678 695 eoonqelicom,
694 615 860 678 cononicam
877 621 908 676 et
917 613 1101 695 judicialem.

256 728 285 786 l}
303 725 505 786 Renuntiatio
522 725 685 806 eoonqelico
704 731 762 799 est,
782 727 920 805 quando,
940 725 1102 805 praemissa
1119 743 1177 788 cor·

215 811 358 883 flectione
383 823 520 882 fraterna
548 827 579 884 et
605 823 828 885 emendatione
855 841 919 884 non
943 827 1062 898 secuta,
1093 823 1178 896 delin-

217 938 316 998 quens
334 917 418 998 a'pud
442 919 640 998 superiorem
657 926 809 999 tanquam
832 927 955 999 patrem
978 919 1176 994 denuntiatur,

216 1023 252 1078 ut
276 1021 487 1077 convertatur.
514 1018 589 1078 Haeo
614 1016 815 1095 potissimum
842 1018 880 1078 ad
907 1016 1102 1094 theologiam
1122 1031 1201 1076 mos

217 1114 315 1173 ralern
330 1111 477 1190 pertinet.

256 1223 286 1281 Ξ.
314 1218 459 1282 Conoaioo
481 1219 691 1296 denuntiatio,
718 1239 788 1299 qum
817 1221 911 1284 certis
937 1222 970 1281 in
993 1219 1118 1282 casibus
1135 1235 1181 1298 per
1272 1268 1273 1274 ,

218 1335 356 1381 canonos
380 1317 608 1397 praescribitur,
632 1323 679 1379 est
699 1318 816 1380 delatio
838 1318 980 1380 criminis
1001 1317 1085 1397 apud
1104 1333 1181 1396 supe-

218 1416 337 1478 riorem
356 1414 616 1490 ecclesiasticum,
633 1419 668 1474 ut
681 1432 738 1493 per
756 1433 829 1477 eum
847 1416 930 1477 istud
953 1415 1076 1476 crimen
1092 1414 1183 1493 impe·
1273 1482 1274 1490 ἵ

219 1514 334 1575 diatur.
347 1515 414 1573 lluc
427 1512 587 1590 pertinent
597 1512 701 1574 banna
713 1512 918 1588 matrimonii,
929 1511 1183 1592 proclamationes
1273 1545 1274 1550 κ

219 1611 368 1672 ordinum
386 1609 671 1690 suscipiendorum,
689 1611 886 1674 denuntiatio
904 1607 1134 1673 sollicitationis
1150 1610 1182 1668 ad

219 1707 335 1785 turpia.
349 1687 356 1702 ⁸

258 1821 288 1880 3.
310 1817 514 1878 Renuntiatio
527 1815 680 1898 judicialis
704 1823 762 1894 est,
789 1836 846 1898 per
869 1835 965 1898 quam
991 1819 1031 1880 ad
1053 1817 1184 1897 judicem

219 1915 340 1978 crimen
364 1916 515 1978 defertur.
539 1918 624 1978 Loco
646 1916 854 1978 accusationis
875 1915 1020 1992 habetur,
1044 1920 1077 1977 et
1096 1914 1185 1993 judici

219 2011 500 2091 adinquirendum
513 2013 596 2074 viam
611 2013 733 2076 sternit.
1275 2013 1276 2016 ’

259 2125 299 2186 ΙΙ.
318 2124 440 2205 Requloe
460 2124 684 2186 munerationis
696 2123 854 2206 judicialis
876 2124 1053 2204 respiciunt
1072 2124 1120 2186 vel
1134 2123 1186 2186 cri-

220 2220 307 2282 mina
320 2221 546 2299 denuntianda,
559 2224 608 2286 vel
621 2224 751 2285 effectus
766 2223 1027 2285 denuntiationis

259 2332 458 2394 iudicialiter
471 2334 696 2396 denuntiantur
706 2338 774 2396 tum
785 2334 900 2395 delicta
912 2334 1048 2410 notoria,
1064 2338 1132 2395 tum
1144 2331 1188 2392 de

221 2429 296 2491 licta
309 2429 434 2490 occulta
444 2448 514 2508 quae
525 2431 652 2509 probari
663 2436 796 2510 possunt
809 2437 863 2493 aut
875 2431 960 2494 bono
974 2428 1189 2494 communiad·

220 2532 393 2589 versantur.

262 2640 310 2700 Ad
330 2639 459 2700 effectus
484 2637 731 2700 denuntiationis
753 2639 839 2719 quod
861 2638 984 2715 attinet,
1008 2639 1190 2701 denuntians

221 2738 348 2796 tenetur
361 2735 463 2814 judici
478 2735 643 2796 nominare
659 2740 765 2810 testes,
782 2735 986 2815 probationes
1006 2740 1060 2798 aut
1081 2733 1191 2797 indicia

224 2829 365 2893 criminis
379 2841 556 2912 suggerere.
572 2831 817 2895 Denuntiatione
838 2834 978 2912 legitime
993 2835 1087 2908 facta,
1099 2832 1190 2913 judex

222 2926 363 2990 instituit
383 2929 622 3008 inquisitionem
643 2931 810 3009 specialem
827 2936 938 2993 contra
957 2931 1187 2994 denuntiatum.

225 3016 312 3085 Onus¹
324 3027 492 3088 accusandi
507 3045 577 3090 reos
590 3028 848 3108 procuratoribus
861 3029 1043 3091 mandatur.

575 3259 598 3306 3.
615 3255 652 3306 De
661 3255 829 3318 inquisitione.

266 3423 289 3482 l.
315 3423 480 3501 Inquisitio
502 3427 650 3490 definitur
671 3428 799 3510 Iepitimo
821 3426 1000 3508 r'ooestipotio
1022 3399 1150 3486 criminos
1170 3431 1193 3482 et

226 3518 376 3581 criminosi
388 3541 446 3601 per
458 3523 588 3604 jadicem
605 3533 807 3605 competentem
822 3524 914 3605 foeta,
931 3521 1066 3584 vindr'etoe
1072 3519 1194 3603 publice

226 3635 324 3680 caeso.
339 3619 438 3698 Hujus
455 3619 688 3684 informationis
709 3624 772 3685 duo
794 3627 866 3684 sunt
887 3621 990 3700 capita
1006 3639 1015 3702 ς
1030 3619 1194 3698 inquiritur
