2618 4252
468 285 542 328 PARS
552 351 554 359 Α
564 283 731 332 senonens,
1038 285 1087 332 ΒΗ

110 406 163 466 lex
180 403 311 481 quidem
330 399 544 464 ecclesiastica
569 417 631 479 qua
656 401 806 462 Summus
828 400 973 462 Pontifex
994 401 1091 463 disci-

110 501 233 580 plinam
249 499 455 563 ecclesiarum
478 498 717 578 particularium
732 497 874 574 ordinat3
892 500 941 561 tex
955 516 1028 561 vero
1044 500 1090 562 ci·

111 598 181 660 vilis
194 615 290 678 quarn
305 602 445 678 potestas
459 596 590 675 politica
605 594 726 657 civibus
741 593 889 675 imponit.

159 820 175 883 §
196 819 222 870 3.
239 846 270 856 -
289 817 327 872 Ite
345 817 523 904 concordatis
541 816 767 884 interpretandis
786 830 819 870 ac
839 818 1046 872 rescindendis.

148 991 174 1044 t.
194 987 398 1059 Interpretetio
407 991 436 1044 et
450 987 581 1045 rescissio
593 987 822 1051 conventionum
833 987 865 1044 in
879 1003 1000 1057 genere.

147 1079 176 1132 2.
196 1077 397 1151 interpretatio
411 1080 440 1134 et
450 1077 580 1133 rescissio
590 1075 837 1132 Concordatorum
850 1077 881 1132 in
894 1077 1000 1149 specie.

209 1273 232 1320 l.
252 1270 427 1332 Interpretatio
442 1277 468 1320 et
478 1268 592 1321 rescissio
604 1269 795 1320 conventionum
811 1268 837 1317 in
852 1253 941 1332 genere
952 1271 996 1336 (t).

151 1427 174 1488 1.
187 1425 408 1505 interpretatio
422 1425 486 1486 sive
496 1423 641 1486 rescissio
652 1424 912 1500 conventionum,
925 1443 996 1502 quae
1006 1425 1090 1486 inter

111 1523 189 1584 duas
207 1522 375 1584 societates
393 1522 480 1584 mvtae
496 1524 630 1599 suntfit
649 1524 697 1584 vel
720 1527 832 1584 muuo
852 1539 1018 1594 consensu,
1042 1524 1090 1584 vel

111 1620 200 1700 legit'
192 1636 258 1681 uno
272 1618 408 1698 judicio,
424 1638 490 1682 non
504 1637 594 1681 secus
608 1637 645 1682 ac
660 1619 693 1680 in
710 1619 971 1682 conventionibus
986 1637 1057 1699 quea
1071 1638 1090 1680 a

76 1759 83 1764 -
110 1716 240 1796 privatis
253 1718 414 1779 ineuntur.

153 1816 185 1876 Si
207 1816 290 1877 socie
293 1814 482 1890 t'ates‚1nter
496 1831 573 1892 quas
588 1814 755 1876 conventio
771 1814 855 1877 facta
870 1820 927 1890 est,
945 1816 1008 1876 sint
1022 1833 1092 1878 om·

110 1907 188 1975 nino
205 1913 288 1974 inter
310 1931 343 1973 se
363 1911 624 1990 independentes‚
648 1912 776 1972 nonnisi
800 1917 911 1973 mutuo
935 1930 1101 1974 consensu·

111 2011 182 2071 fieri
200 2009 294 2072 dehet
309 2009 457 2089 ejusdcm
473 2009 691 2071 conventionis
711 2009 930 2089 interpretatio
950 2015 1004 2073 ant
1025 2028 1090 2072 res-

110 2107 215 2169 cissio.

152 2206 186 2266 Si
201 2205 352 2265 alterutra
366 2202 406 2263 ab
421 2204 520 2264 altera
536 2203 714 2282 dependeat
729 2204 793 2266 sive
808 2205 931 2268 ratione
946 2206 1005 2283 sui,
1026 2207 1090 2269 sive

110 2303 224 2363 saltem
237 2300 359 2362 ratione
373 2299 419 2361 rei
436 2301 474 2360 de
490 2318 552 2379 qua
564 2301 677 2379 agitur,
689 2301 812 2380 judicio
826 2301 986 2364 societatis
998 2320 1091 2384 supe·

110 2391 369 2460 rioris‘standum
383 2403 442 2459 est.
458 2399 525 2470 Quo
540 2397 716 2477 injudicio,
732 2398 758 2460 si
774 2399 813 2460 de
826 2398 1012 2462 rescissione
1026 2400 1091 2479 pri-

109 2495 217 2575 vilegii
231 2495 356 2557 onerosi
370 2500 491 2574 agatur,
507 2495 653 2557 rescissio
674 2496 720 2556 ita
744 2497 944 2558 decernenda
965 2497 1036 2572 erit,
1057 2502 1092 2559 ut

110 2594 151 2656 ad
174 2593 332 2672 aequitatis
354 2608 501 2653 normam
523 2598 749 2672 compensetur
773 2593 806 2655 id
828 2595 913 2672 quod
938 2594 1034 2655 collat
1022 2599 1089 2656 tum

110 2692 231 2766 fuerat;
202 2691 315 2753 tnisi
335 2691 417 2754 torte
439 2690 558 2752 bonum
581 2688 746 2796 publicum
763 2690 847 2796 alind
870 2690 1000 2752 omnino
1017 2709 1091 2770 pos-

98 2787 202 2849 tutet.

150 2886 189 2945 ΙΙ.
208 2883 265 2945 In
256 2884 334 2963 ipsis
348 2883 481 2947 societat
468 2883 552 2946 tibus
567 2883 711 2946 civilibus
725 2884 842 2962 regnlae
856 2889 1022 2963 sequentes
1035 2884 1089 2947 ote

111 2986 296 3044 servantur:
427 3055 432 3068 ,
983 2985 1022 3056 [¹

153 3084 181 3142 t.
205 3078 372 3142 Concessio
396 3076 478 3140 facta
502 3076 646 3141 societati
668 3078 717 3139 vel
740 3095 885 3157 personae
910 3079 1090 3141 nullatenus

31 3183 34 3188 ’
110 3175 248 3238 subditae
261 3176 402 3238 revocari
416 3176 527 3253 nequit
541 3175 674 3236 arbitrio
690 3175 906 3237 concedentis.
926 3175 1017 3237 Ratio
1029 3181 1088 3252 est,

111 3274 187 3352 quia
204 3274 364 3352 judicium
385 3280 433 3337 est
452 3281 541 3336 actus
557 3273 804 3353 jurisdictionis;
825 3274 913 3352 atqui
936 3274 1023 3335 nulla
1043 3278 1092 3336 cst

109 3370 291 3449 jurisdictio
303 3372 335 3431 in
348 3389 517 3451 personam
528 3389 594 3433 non
607 3371 779 3452 subditam.

152 3471 182 3528 2.
203 3468 355 3548 Princeps
370 3466 607 3548 interpretatur,
630 3474 661 3530 et
675 3469 906 3532 interveniente
925 3487 1018 3532 causa
1030 3488 1107 3550 pn··

143 3641 174 3700 (1)
190 3639 293 3699 Sumen,
304 3638 336 3688 dc
347 3637 463 3704 Lepidus,
475 3639 518 3689 lib.
534 3638 595 3702 Vlll,
608 3652 663 3700 cap.
677 3651 772 3689 xxxvu.
