2594 4286
198 285 231 331 co
260 263 264 270 ’
361 285 516 334 exeosrnc
537 287 713 333 uuraomca
733 287 816 332 rums
838 287 992 334 cuuonrcr.

196 408 243 466 est
256 409 433 484 prosecuta,
451 405 582 486 illasque
599 405 695 467 veluti
710 405 869 485 potiorem
887 425 950 468 suae
972 403 1177 468 auctoritatis

196 507 319 586 partem
334 503 546 566 consideravit
566 503 650 583 (t).a
805 505 810 517 '

351 704 362 732 ⁰
408 717 522 776 Qonsrro
533 721 570 768 2⁸.
590 743 620 754 —
635 717 671 767 Dr
681 727 956 768 scuomssrcunmnus.

208 856 222 904 ¹¹
238 873 261 933 Ι.
280 873 396 934 Earum
412 889 537 952 quoque
551 873 744 948 scholarum,
760 871 793 932 in
810 871 924 952 quibus
933 870 1048 934 litterae
1061 871 1178 934 buma-

199 969 306 1032 niores
322 970 499 1043 traduntur,
519 969 676 1032 institutio
697 974 729 1033 et
749 987 825 1031 cura
843 969 918 1031 olim
942 970 980 1030 ad
996 968 1177 1054 Ecclesiam

200 1067 388 1146 pertinebat,
405 1067 547 1147 ipsaeque
561 1067 680 1146 pariter
694 1069 778 1144 apud
795 1067 986 1128 monasteria
1001 1071 1032 1128 et
1046 1067 1178 1128 canoni·

200 1181 311 1228 corum
324 1165 458 1244 collegia
473 1164 653 1226 constitutae
669 1169 769 1239 erant,
785 1165 829 1226 ita
845 1170 880 1226 ut
891 1181 956 1226 non
971 1169 1096 1226 tantum
1108 1164 1176 1226 olc-

199 1260 257 1322 rici
275 1262 329 1323 sed
349 1267 380 1324 et
396 1261 468 1324 laici
488 1264 597 1324 adeas
618 1264 824 1324 confluerent.
844 1264 949 1340 Atque
971 1262 1040 1325 istae
1056 1261 1177 1322 scholae

200 1359 387 1438 superiores
403 1377 501 1437 quum
517 1361 669 1445 temporis
690 1377 783 1421 cursu
797 1359 1016 1434 exolevisscnt,
1036 1357 1180 1422 aconei·

201 1456 250 1519 liis
264 1456 371 1524 saeculi
390 1474 453 1532 xvr,
476 1460 697 1521 reflorescente
710 1459 913 1520 scientiarum
925 1459 1057 1538 cultura,
1070 1457 1178 1520 denuo

201 1555 367 1616 instaurari
377 1555 472 1634 jussae
487 1561 568 1630 suot,
585 1557 639 1618 sed
654 1556 712 1617 sub
724 1556 908 1617 omnimoda
923 1556 1061 1639 virorum
1076 1555 1179 1617 ecole-

202 1651 399 1714 siasticomm
415 1653 611 1732 inspectione
627 1659 659 1715 et
675 1653 913 1732 gubernatione.
1149 1659 1152 1664 '

242 1750 284 1813 ΙΙ.
301 1751 419 1813 Verum
433 1756 539 1812 nostra
551 1757 644 1813 aetate
663 1769 727 1812 non
742 1751 856 1813 desunt
866 1751 1013 1812 homines
1028 1749 1178 1831 religioni

203 1847 326 1921 intensi,
344 1849 397 1927 qui
410 1849 533 1910 scholas
546 1849 701 1928 ejusmodi
716 1848 755 1909 ab
771 1849 859 1910 omni
882 1849 958 1912 cleri
976 1849 1094 1910 influxu
1112 1849 1181 1910 cxi-

204 1961 289 2006 mere
305 1945 486 2008 moliantur.

249 2043 1178 2124 cChristianamjuventutisinstitutionem'etoduoationem
1236 2127 1240 2132 .

203 2140 235 2202 in
249 2159 397 2220 magnum
415 2143 577 2204 adducunt
592 2141 773 2224 discrimen,
794 2148 960 2222 propterea
974 2145 1060 2222 quod
1076 2144 1180 2205 illesa
1205 2205 1207 2208 .

205 2239 331 2299 salutari
342 2239 506 2300 catholicae
519 2237 667 2313 Ecclesiae
679 2239 859 2320 magisterio
872 2257 907 2302 ac
922 2227 1082 2320 vigilantia
1097 2259 1180 2320 quo-

204 2337 289 2398 tidie
307 2335 404 2416 magis
425 2343 581 2399 amovent.
608 2336 690 2398 Nihil
710 2339 911 2412 intentatum,
930 2338 1073 2418 nihilque
1090 2339 1180 2400 inex-

153 2429 179 2510 '‚
206 2438 330 2513 pentum
344 2432 534 2512 relinquunt,
552 2441 587 2496 ut
604 2435 774 2496 salutarem
787 2435 861 2506 vim,
878 2453 972 2513 quam
987 2436 1056 2514 ipsa
1073 2438 1182 2498 Eccle-

207 2531 254 2591 sia
278 2547 316 2592 cx
341 2529 445 2591 divina
468 2549 523 2593 sua
545 2532 743 2594 institutione
765 2548 891 2610 semper
911 2534 1063 2606 exercuit,
1086 2539 1117 2594 et
1145 2532 1179 2594 in

202 2628 354 2690 ,humanae
378 2629 538 2690 societatis
563 2629 706 2690 instituta
728 2645 874 2691 exercere
891 2629 997 2704 debet,
1014 2631 1063 2692 vel
1081 2631 1182 2710 magis

206 2729 239 2788 in
255 2727 322 2788 dies
337 2732 510 2802 coarctent,
530 2728 577 2788 vel
598 2727 637 2788 ab
654 2728 774 2789 eisdem
790 2727 942 2790 institutis
961 2734 1098 2790 arceant.
1116 2731 1182 2790 llu-

185 2825 344 2905 ,jusmodi
370 2823 639 2904 perniciosissima
662 2825 797 2886 docendi
822 2825 902 2886 ratio
923 2826 1065 2904 sejuncta
1089 2843 1182 2888 aca-

208 2923 327 2985 tholica
341 2922 414 2996 fido,
431 2928 463 2984 et
477 2922 515 2984 ab
528 2923 679 2984 Ecclesiae
693 2927 849 3000 potestate
863 2905 1001 2985 minimo
1016 2930 1063 2986 est
1077 2924 1182 2986 homi-

207 3019 300 3082 nibus
321 3022 449 3094 damno,
473 3021 550 3080 dum
569 3018 671 3099 agitur
691 3021 730 3081 de
757 3011 881 3096 litteris,
906 3022 1180 3102 severioribusque

209 3117 384 3196 disciplinis
397 3116 572 3192 tradendis,
585 3135 620 3179 ac
630 3118 670 3177 de
685 3116 872 3194 educatione
883 3119 1022 3181 curanda
1030 3118 1062 3180 in
1074 3120 1182 3198 publi-

210 3215 255 3280 cis
281 3215 446 3290 lnstitutis,
477 3233 548 3294 qua
576 3213 810 3288 honestioribus
841 3215 999 3281 societatis
1028 3217 1183 3281 classibus

210 3319 283 3376 sunt
297 3315 450 3376 destinata
468 3315 515 3395 (h).
530 3337 545 3374 u

250 3413 307 3486 ΙΙΙ,
333 3411 543 3474 Nihilominus
567 3415 846 3477 tamen-Ecclesia
870 3415 1034 3497 prohiberi
1059 3415 1183 3497 nequit,

243 3558 320 3638 mpii
332 3559 366 3608 ΙΙΙ
380 3560 457 3608 Breve
463 3558 498 3607 ud
507 3559 726 3624 archiepiscopum
734 3561 930 3628 Friburpenrem
938 3561 985 3627 (dic
998 3566 1024 3616 14
1036 3561 1093 3626 tulii
1103 3564 1187 3626 tom).

242 3637 273 3700 (2)
290 3638 329 3688 Pil
340 3639 373 3688 ΙΙΙ
383 3638 477 3688 caedam
488 3638 586 3688 litterae.
