2618 4252
510 290 583 334 PARS
605 289 768 336 SPECIALIS.
1077 287 1127 333 eet

150 421 215 466 non
229 405 435 467 adversetur:
454 407 575 467 nullam
590 406 712 486 respuit
724 405 1056 485 regiminisaformam,
1077 420 1129 482 pe·
1167 406 1169 410 '

150 501 277 580 regrina
297 501 331 562 in
355 502 415 563 hac
437 503 510 577 vita,
535 521 590 564 sua
613 503 760 565 libertate
784 507 946 565 contenta.
970 501 1050 572 Quid
1073 501 1129 561 illa

151 598 244 676 petit,
257 596 317 658 nisi
331 603 365 660 nt
380 599 520 660 divinam
533 600 717 661 missionem
734 605 863 679 peragat
875 599 907 661 in
920 599 1024 674 terris,
1043 598 1128 658 unde

152 699 185 757 et
207 694 351 756 homines
375 696 593 759 sociabiliores
615 697 746 777 ipsaque
768 697 904 776 imperia
928 697 1060 759 evadant
1081 695 1096 756 f
1114 725 1130 740 ·

150 791 285 854 liciora?

191 887 291 967 Igitur
305 891 468 971 principes
486 893 563 953 dum
585 891 761 954 Ecclesiam
778 896 941 954 tuentura
959 895 1025 954 Deo
1039 890 1131 952 insti-

150 989 265 1061 tutam,
281 988 328 1048 vel
346 994 497 1050 revocant
509 991 686 1068 expulsam,
704 991 753 1051 vel
771 1007 955 1068 oppressam
970 989 1128 1062 reficiunt,

151 1084 216 1144 sive
229 1085 378 1147 catholici
393 1086 455 1148 sint
470 1087 533 1148 sive
547 1086 727 1158 acatholici,
746 1087 851 1148 divina
864 1093 988 1150 serrant
998 1088 1079 1166 jura.
1096 1085 1129 1148 Si

151 1179 327 1243 laudandus
342 1183 382 1245 sit
397 1184 550 1262 Napolco,
563 1185 759 1246 concordate
774 1185 849 1244 anni
861 1187 949 1258 1801,
965 1171 1146 1264 catholicis·

151 1277 342 1339 catholicam
365 1281 535 1342 restituens
562 1281 758 1352 Ecclesiam,
784 1280 864 1341 nihil
891 1287 998 1342 tamen
1027 1296 1130 1358 neque

152 1375 261 1436 Galliae
276 1393 378 1455 neque
391 1377 536 1440 Pontifici
551 1380 591 1440 de
606 1396 663 1440 suo
679 1377 899 1456 elargiehatur,
917 1377 978 1438 nisi
992 1375 1132 1437 articulos

150 1472 301 1551 crqcnicoe
318 1475 453 1553 aseipso
466 1476 592 1537 additos
605 1479 637 1537 et
651 1475 690 1536 ah
707 1477 849 1538 Ecclesia
862 1476 1008 1554 rejectos.

190 1569 242 1630 ΙΙΙ.
267 1571 303 1631 Iu
325 1572 425 1633 altero
449 1589 556 1634 rernm
579 1573 692 1633 ordine
728 1573 931 1634 continentur
949 1570 1130 1652 Pontificum

150 1667 256 1745 pratia
270 1674 299 1728 ct
317 1667 468 1748 torpitcter
486 1689 499 1730 .·
513 1671 619 1748 aliqua
642 1670 775 1742 scilicet,
799 1687 869 1748 quaa
888 1686 991 1752 neque
1008 1668 1130 1730 ordinis

151 1781 255 1842 neque
267 1765 499 1844 jurisdictionis
511 1772 703 1844 potestatem
712 1767 886 1845 requirant,
899 1783 956 1846 per
969 1766 1131 1846 principes

152 1864 337 1938 exercenda,
361 1865 411 1924 vel
433 1865 583 1925 Ecclesia
598 1866 704 1926 lorum
722 1870 754 1924 et
770 1863 975 1943 disciplinam
990 1863 1131 1924 circum·

152 1959 333 2022 scribentia.
355 1962 426 2022 Non
444 1963 524 2023 adeo
545 1962 662 2024 limites
676 1962 736 2022 lori
750 1961 850 2022 civilis
872 1967 904 2022 et
921 1959 1129 2022 ecclesiastici

152 2056 277 2132 praecisi
294 2063 376 2132 sunt,
398 2063 433 2119 ut
447 2058 677 2120 declarationes
697 2075 762 2119 non
777 2056 936 2137 accipiant
953 2075 960 2117 z
981 2061 1028 2117 est
1045 2053 1130 2116 enim

152 2153 289 2215 affinitas
307 2157 454 2233 quaedam
469 2156 633 2235 utriusque
645 2156 737 2234 juris.
754 2155 852 2234 Igitur
867 2154 1130 2232 quotiescumque

152 2250 316 2329 pactiones
329 2253 369 2314 de
384 2253 598 2314 ecclesiastica
610 2251 777 2333 disciplina
790 2251 1047 2326 intercesserunt,
1061 2250 1133 2329 jura

152 2348 304 2417 Ecclesia
323 2354 507 2427 patuerunt,
529 2367 594 2411 non
617 2354 693 2411 tunc
714 2349 887 2438 constitpta
905 2354 990 2410 sunt.
1011 2351 1058 2409 Ex
1076 2348 1132 2408 ad-

153 2461 253 2518 verso,
266 2445 426 2507 consensit
441 2448 488 2508 vel
501 2464 591 2526 passa
604 2451 651 2507 est
664 2445 1015 2533 Ecclesiafptnonnulla
1026 2446 1131 2506 adres
1153 2497 1160 2512 ,

151 2557 254 2601 sacras
268 2543 463 2621 pertinentia
479 2543 678 2622 principibus
697 2545 886 2630 aecedoheiat
899 2542 951 2628 ¹vel
966 2541 1148 2604 catholicis
1219 2529 1234 2552 ²
1255 2517 1264 2530 ’

151 2639 400 2718 magistratibus,
416 2641 505 2719 quasi
523 2659 580 2702 suo
591 2641 720 2703 nomine
736 2642 921 2702 exercenda.

191 2739 272 2822 Gur'n
285 2738 428 2799 Ecclesia
442 2739 578 2800 dicenda
600 2739 641 2800 sit
659 2740 794 2800 societas
815 2737 862 2798 sui
882 2736 975 2814 juris,
996 2754 1133 2816 cumque
1206 2799 1210 2809 ,

151 2833 236 2895 circa
247 2851 335 2896 sacra
344 2834 397 2913 jus
409 2836 534 2896 nullum
549 2841 711 2912 competat
731 2834 818 2895 laicis
836 2833 1078 2912 imperantibus,
1096 2853 1132 2896 ca

152 2930 293 2993 evidenti
308 2932 431 2994 ratione
446 2930 519 3010 quia
534 2931 612 2992 laici
621 2936 704 3006 sunt,
719 2947 791 2992 oves
806 2930 928 2992 scilicet
941 2936 972 2992 et
983 2949 1049 2992 non
1063 2951 1131 3011 pas-

150 3033 251 3103 tores;
282 3029 307 3090 si
334 3047 406 3107 quae
430 3027 614 3107 hujusmodi
646 3025 847 3089 concordatis
881 3028 1042 3107 adscripta
1068 3029 1129 3092 illis

148 3125 280 3202 suerint,
290 3126 482 3188 Pontificum
491 3125 652 3205 largitates
664 3129 696 3186 et
707 3123 871 3204 privilegia
882 3124 1016 3186 dicenda
1027 3140 1129 3188 erunt.

292 3362 308 3426 ς
327 3361 352 3415 2.
364 3389 396 3402 -
413 3361 547 3441 Persona
569 3361 770 3414 conuehentes
790 3359 997 3424 concordatum.

189 3535 217 3587 l.
234 3531 274 3588 De
289 3529 529 3588 conventionibus
543 3531 621 3588 inter
634 3530 784 3589 societates
794 3529 951 3587 distinctas.

186 3621 214 3676 2.
233 3619 273 3676 ite
286 3618 525 3680 conventionibus
531 3618 608 3678 iuter
617 3620 774 3678 Ecclesiam
784 3621 813 3676 ct
820 3617 988 3677 societatem
996 3617 1124 3677 civilem.
