2604 4264
366 341 369 346 ’
466 339 540 384 PARS
561 337 726 384 sanemus.
1032 340 1081 387 lau

92 459 168 537 jure
181 455 317 536 proprio
330 454 515 534 acquirendi
528 455 661 528 truatur,
683 471 791 515 verum
804 454 899 516 etiam
914 455 1021 518 habita
1035 474 1085 517 ra-

96 554 183 616 tione
199 553 330 628 civium,
344 552 458 632 quihus
469 568 599 613 suarum
611 567 719 612 rerum
734 551 766 612 in
779 551 847 631 pias
858 571 967 616 causas
979 561 1085 617 trans·

96 654 306 716 ferendarum
320 652 420 713 libera
434 656 575 730 potestas
590 648 753 711 adimitur.

465 888 686 944 ARTICULUS
704 889 734 943 11

337 1067 370 1104 DE
392 1066 517 1106 SUBJECTO
536 1067 643 1105 DOMlNII
656 1066 857 1107 ECCLESIASTICI·

145 1241 167 1300 I.
182 1240 271 1300 Bona
281 1239 503 1300 Ecclesiastica
515 1257 581 1300 non
597 1239 755 1317 pertinent
770 1242 809 1300 ad
829 1242 1017 1318 potestatem
1031 1256 1085 1300 sae·

100 1338 258 1400 oularem.
280 1337 436 1415 Equidem
451 1337 549 1416 aliqui
566 1337 737 1416 opinantur
753 1337 940 1399 societatem
962 1335 1086 1396 civilem

100 1451 173 1496 esse
187 1425 366 1514 subjectum
379 1433 514 1496 dominii
534 1429 756 1509 ecclesiastici,
771 1453 833 1513 quo
842 1439 996 1512 praetextu
1008 1435 1088 1494 mul-

100 1533 150 1594 tis
163 1530 198 1591 in
208 1531 288 1592 locis
300 1533 367 1594 haec
378 1532 461 1594 hona
484 1533 704 1611 direptasunt.
723 1535 841 1595 Verum
860 1533 920 1594 ista
933 1531 1088 1594 sententia

104 1635 158 1691 est
172 1631 360 1707 praedonum
382 1635 413 1690 et
428 1631 667 1710 sacrilegorum,
684 1647 750 1692 non
766 1628 1012 1691 canonistarum.

149 1728 187 1787 ll.
205 1725 355 1787 Nonnulli
365 1726 476 1788 dicunt
493 1728 576 1789 istud
600 1728 780 1790 dominium
801 1728 840 1787 ad
862 1730 964 1787 Deum
983 1725 1088 1803 ipsum

102 1830 159 1886 aut
183 1825 344 1886 Christum
362 1831 516 1904 spectare,
539 1825 699 1904 siquidem
717 1827 751 1887 in
766 1824 904 1887 textibus
916 1822 994 1904 juris
1005 1839 1089 1885 resa

105 1921 257 1983 fidelihus
280 1923 315 1982 in
338 1924 394 1983 Dei
419 1925 543 1984 cultum
562 1928 699 2004 erogate
719 1942 765 1983 res
783 1921 849 1996 Dei,
866 1941 911 1982 res
928 1920 1087 1994 dominicae,
1134 1975 1136 1978 .

103 2037 151 2080 res
174 2019 235 2080 Deo
254 2027 390 2097 sacratae,
409 2021 625 2102 patrimonium
652 2019 768 2082 Christi
789 2020 1000 2099 appellantur.
1027 2018 1090 2079 Sed

104 2117 265 2197 ejusmodi
291 2118 423 2196 phrases
447 2137 512 2180 non
532 2124 605 2180 sunt
628 2119 739 2180 stricte
762 2119 801 2178 ad
826 2115 979 2178 terminos
997 2113 1088 2194 juris,

106 2214 186 2294 quia
201 2232 265 2276 non
279 2219 346 2276 tam
369 2214 522 2294 quaritur
537 2217 626 2296 eujus
648 2214 775 2277 servitio
795 2231 845 2275 res
860 2214 1012 2274 Ecclesiae
1027 2211 1090 2273 sint

104 2319 317 2394 consecratae,
337 2331 433 2392 quam
452 2314 522 2392 quis
542 2313 575 2374 in
597 2311 792 2376 commercio
814 2313 954 2373 humano
982 2327 1090 2373 earum

105 2409 259 2472 domiuus
272 2407 525 2471 considerandus
539 2411 593 2474 sit.

146 2509 259 2586 ltaque
279 2507 349 2569 haec
362 2506 520 2568 sententia
532 2525 605 2568 vera
625 2507 719 2568 estin
734 2523 772 2568 eo
787 2522 891 2582 sensu,
909 2505 995 2584 quod
1009 2503 1093 2564 hona

106 2604 334 2680 ecclesiastiea,
358 2605 399 2666 oh
432 2605 530 2666 finem
544 2603 596 2666 cui
612 2602 819 2679 destinantur,
833 2622 898 2665 non
921 2599 1044 2682 possint
1058 2599 1093 2658 in

107 2719 186 2762 usus
198 2701 347 2780 profanos
362 2700 516 2780 impendi.
532 2705 608 2764 Haee
619 2707 726 2763 autem
737 2699 906 2762 destinatio
918 2716 982 2760 non
994 2698 1093 2774 impe·
1193 2739 1197 2746 -

108 2796 157 2860 dit
178 2797 351 2877 quominus
379 2799 491 2860 eadem
511 2798 595 2860 bona
624 2797 856 2860 constituantur
875 2795 932 2856 suh
952 2795 1093 2855 humano
1193 2791 1195 2796 ’

110 2895 256 2958 dominio
271 2895 405 2974 alicujus
417 2897 472 2975 qui
485 2895 530 2957 eis
544 2897 645 2958 utitur
660 2901 692 2958 et
708 2897 748 2956 de
762 2895 825 2955 illis
843 2889 993 2970 disponit.

151 2996 207 3058 Ill.
226 2995 413 3056 hominium
427 2992 618 3074 particulare
633 2994 793 3055 honorum
805 2986 1093 3052 ecclesiasticorum

110 3097 160 3153 est
171 3111 259 3173 peaes
271 3092 349 3172 ipsus
361 3091 491 3152 ecclesias
503 3089 556 3170 (l).

151 3189 247 3251 Proh.
259 3193 288 3250 l.
299 3191 444 3250 Ratione.
459 3185 611 3250 Ecclesia
620 3184 837 3266 particulares,
850 3189 885 3244 ut
896 3184 991 3244 finem
1002 3201 1094 3245 suum

110 3293 331 3366 assequantur,
355 3285 530 3365 capacitate
553 3281 687 3345 dominii
704 3283 861 3355 fruuntur,
878 3287 909 3342 et
927 3281 1096 3360 acquirunt
1140 3315 1141 3318 =

111 3384 197 3450 bona
212 3388 284 3463 quae
294 3385 370 3462 ipsis
385 3385 418 3444 in
431 3387 622 3461 perpetuum
635 3380 836 3442 addicuntur.

153 3481 248 3545 Proh.
267 3485 296 3542 2.
314 3483 360 3542 Ex
371 3482 442 3560 jur-e
464 3478 612 3560 positivo.
628 3479 665 3540 ln
686 3493 820 3556 corpore
840 3475 920 3555 juris
938 3474 1093 3552 canonici,

146 3667 181 3732 (l)
193 3669 424 3730 Sohmalzgrueber,
437 3667 480 3716 lib.
494 3666 529 3715 llI
542 3655 719 3726 Decretolium,
731 3663 771 3714 tit.
781 3662 813 3712 de
826 3660 924 3711 Peculio
935 3661 1094 3710 clericorum.
