2594 4286
443 260 517 304 etus
538 257 703 306 srucmtts.
1026 258 1059 305 tt

119 381 142 440 l.
158 378 311 440 Institutio
325 376 603 440 Sacramentalium.
617 411 657 422 -
671 375 822 440 Ecclesiae
836 376 996 456 competit
1007 393 1063 456 po·

82 483 176 539 testas
195 477 382 538 instituendi
396 477 656 538 sacramentalia.

118 571 217 632 Prob.
243 577 274 632 1ο
293 559 437 634 Ratione.
457 574 535 634 Cum
549 573 691 636 Christus
708 572 817 634 omnia
831 571 1062 650 instauraverit,

80 686 143 730 non
155 672 281 730 tantum
293 667 332 729 ab
346 669 416 748 ipso
430 669 711 732 iustitutafuerunt
724 672 937 746 Sacramenta,
948 671 1064 750 quibus
1135 687 1139 699 ·

79 766 320 847 applicarentur
338 768 436 846 ipsius
451 769 575 845 merita,
589 786 699 831 verum
713 769 808 830 etiam
828 769 948 830 curavit
958 773 993 830 ut
1005 769 1064 831 be-

78 864 281 927 nedictiones
294 866 533 930 adhiberentur.
548 869 696 930 Jamvero
711 867 811 928 varias
822 865 1062 928 benedictiones

79 963 149 1042 ipse
170 981 235 1025 non
254 965 403 1040 instituit,
431 968 485 1028 sed
511 967 544 1026 in
567 967 710 1028 Ecclesia
731 964 860 1044 reliquit
871 969 1063 1044 potestatem

43 1074 46 1078 ·
79 1060 306 1140 benedicendi,
324 1081 380 1126 seu
394 1069 585 1144 potestatem
599 1064 787 1127 instituendi
802 1063 1059 1126 Sacramentalia.

121 1160 454 1224 nostraauctoritate
467 1165 642 1242 Scripturae
655 1185 662 1225 :
679 1162 807 1225 «Omnis
817 1167 960 1223 creatura
972 1179 1063 1224 sauc-

80 1257 221 1320 tihcatur
235 1261 435 1339 perverbum
451 1262 508 1323 Dei
527 1267 559 1323 et
574 1261 751 1324 orationem
767 1259 820 1340 (t).
837 1281 848 1318 a

122 1356 255 1418 Accedit
276 1358 381 1436 praxis
406 1359 571 1420 Ecclesia.
594 1361 640 1420 Ex
663 1357 786 1425 actibus
814 1360 900 1418 recte
924 1355 1064 1435 potentia

85 1453 266 1532 colligitur3
287 1455 374 1535 atqui
393 1457 459 1536 jam
474 1476 491 1518 a
505 1456 703 1546 temporibus
715 1453 908 1538 Apostolicis
923 1453 1065 1516 Ecclesia

80 1553 184 1614 utitur
198 1554 257 1616 hac
268 1559 424 1633 potestate
439 1555 651 1618 benedicendi
667 1561 698 1620 et
710 1553 960 1632 sacramentalia
970 1552 1063 1614 insti-

80 1651 208 1713 tuendi.

121 1749 215 1824 Unde
225 1749 404 1812 Concilium
416 1750 638 1813 'tridentinum
651 1751 809 1812 definivit:
824 1750 882 1814 «Si
895 1750 965 1830 quis
978 1749 1063 1811 dixe·

59 1918 61 1921 ¹
81 1844 123 1908 rit
132 1852 281 1926 receptos
294 1856 325 1911 et
335 1849 526 1930 ap‘probatos
534 1851 684 1914 Ecclesiae
697 1851 775 1911 ritus
784 1849 947 1944 contemni
957 1863 1061 1928 posse,

82 1945 253 2006 anathema
264 1946 305 2006 sit
319 1945 373 2026 (2).
388 1967 404 2006 a

121 2045 159 2104 ll.
182 2041 449 2106 Sacramentalium
464 2045 603 2126 efficacia.
618 2077 655 2092 -
668 2048 697 2108 l.
713 2044 799 2110 Varii
824 2045 953 2106 effectus
968 2042 1064 2124 spiri·

82 2143 186 2202 tuales
208 2143 499 2220 sacramentalibus
515 2142 733 2206 attribuuntur
748 2165 755 2206 :
770 2149 875 2206 motus
887 2142 996 2222 gratiae
1015 2158 1065 2202 ac·
1169 2167 1171 2172 ·

83 2239 195 2314 tualis;
213 2241 359 2302 remissio
378 2241 502 2320 peccati
523 2242 676 2317 venialis3
696 2243 846 2304 relaxatio
861 2259 963 2320 poenae
981 2246 1065 2302 tem·

82 2338 202 2416 poralis
221 2337 345 2418 peccati
359 2339 474 2400 debitae
486 2360 494 2414 ;
511 2340 666 2401 daemonis
679 2341 822 2420 expulsio
836 2340 883 2402 vel
896 2336 1063 2413 cohibitio,

82 2452 122 2496 ne
142 2435 257 2510 laedat3
284 2436 412 2514 aliquod
433 2439 642 2500 commodum
661 2427 847 2517 temporale,
876 2443 912 2498 ut
935 2436 1062 2498 sanitas.

82 2531 1066 2612 Animadvertendumest,nonomuesilloseffectusasingulis
1115 2579 1116 2582 ,

83 2630 375 2714 Sacramentalibus
396 2634 542 2712 produci,
559 2635 707 2698 sedatius
724 2635 764 2696 ab
778 2633 847 2696 aliis
861 2634 949 2714 juxta
967 2633 1064 2692 finem

82 2731 123 2789 ad
138 2747 236 2808 quem
249 2730 447 2797 ordinantur.
860 2794 862 2800 .

32 2847 35 2856 ·
122 2830 154 2888 2.
176 2829 307 2900 Qualem
325 2829 473 2891 virtutem
496 2830 633 2892 habeant
649 2828 921 2893 sacramentalia?
937 2860 976 2872 -
990 2827 1064 2886 Pro·

83 2925 171 2987 fecto
181 2926 314 3004 gratiam
324 2945 389 2989 non
408 2929 575 2992 conserunt
587 2946 625 2991 ex
642 2945 738 3008 opere
749 2931 891 3006 operato,
913 2924 995 2986 sicut
1007 2923 1063 2984 Sa-

84 3029 264 3088 crementa.

126 3123 236 3202 Neque
256 3123 383 3184 illorum
405 3126 536 3187 effectus
551 3141 589 3186 ex
601 3139 697 3202 opere
712 3119 872 3200 operantis
885 3120 1066 3199 producun-

82 3225 139 3281 tur
162 3219 195 3280 in
213 3237 252 3282 eo
275 3238 378 3296 sensu,
402 3223 489 3302 quod
505 3223 666 3302 pendeant
680 3238 697 3281 a
710 3219 784 3280 solis
805 3217 1065 3298 dispositionibus

8 3397 9 3400 Ἴ
83 3316 172 3378 illius
187 3319 242 3398 qui
257 3320 418 3382 actionem
432 3326 577 3394 exercet;
594 3336 670 3380 nam
685 3318 929 3386 Sacramentalia
944 3335 980 3378 ex
994 3332 1067 3396 pre·

84 3413 180 3477 cibus
192 3417 344 3479 Ecclesiae
359 3417 422 3480 vim
438 3418 636 3500 spiritualem
649 3415 821 3496 accipiunt.
1141 3405 1144 3410 ’

117 3554 149 3614 (1)
162 3555 207 3614 Ερ.
224 3557 235 3604 1
249 3555 280 3603 ad
291 3555 409 3614 Timoth,
423 3569 458 3616 rr,
470 3557 496 3618 t,
512 3559 534 3608 5.

119 3633 153 3697 (t)
168 3633 234 3684 Sese.
254 3635 308 3693 Vll,
322 3647 414 3686 canon.
427 3649 488 3692 ‚xrn.
