2590 4262
189 257 242 304 2⁰8
359 255 516 302 nxrosmlo
535 253 714 300 unrfloblca
734 254 817 300 lutus
839 254 995 301 canorum.

188 373 264 434 rium
283 373 331 435 vel
350 373 553 434 necessarium.
582 373 770 448 Utrumque,
801 369 923 432 scilicet
947 369 1178 433 voluntarium
1285 377 1286 454 l

189 471 275 550 quod
292 470 322 530 in
342 470 465 549 judicio
483 470 563 531 alter
578 469 666 530 alteri
682 468 793 542 defert,
806 472 838 529 et
850 469 1065 530 necessarium
1079 471 1179 548 quod
1285 489 1286 538 1

189 569 228 630 ab
243 569 313 648 ipso
332 567 439 647 judice
461 569 509 628 vel
525 566 625 629 actori
648 567 696 627 vel
709 583 766 628 reo
782 567 933 642 defertur,
954 572 1176 630 vocatorium

188 665 398 746 suppletorium
422 665 498 744 quia
521 667 682 728 defectum
706 664 903 744 probationis
927 667 1065 746 supplet,
1092 672 1173 728 tum
1285 657 1286 688 ¹

190 763 286 826 etiam
300 762 363 823 litis
378 762 549 824 arborium
562 759 636 842 quia
649 761 688 822 lis
702 779 762 841 pro
770 762 896 841 jurante
907 763 1069 824 definitor.

228 860 448 923 iuramentum
469 862 609 923 defertur
630 858 668 934 ei,
688 859 741 938 qui
764 858 937 939 semiplene
951 859 1116 938 probavit3
1139 866 1175 921 et

189 958 215 1018 si
227 975 298 1020 rcus
313 959 430 1036 pariter
445 963 539 1037 atque
553 962 641 1020 actor
656 955 830 1036 semiplene
852 957 1065 1035 probaverint,
1086 959 1178 1020 defe-
1285 989 1286 1008 κ

189 1055 325 1116 rendum
347 1060 395 1116 ast
415 1073 481 1131 reo,
506 1057 595 1136 cujus
617 1071 711 1117 causa
727 1053 760 1115 in
775 1053 879 1115 dubiis
894 1057 1000 1134 potior
1017 1055 1174 1117 habetur.

188 1153 361 1230 litigantes
377 1153 521 1216 oblatum
533 1155 751 1232 juramentum
771 1169 919 1215 recusare
941 1171 1007 1216 non
1021 1159 1172 1232 possunt,

190 1247 249 1310 nisi
274 1251 391 1330 justam
413 1250 551 1311 habeant
569 1249 738 1311 recusandi
752 1267 878 1313 causam
890 1271 898 1326 3
912 1256 949 1311 ut
963 1252 990 1311 si
1006 1252 1174 1312 deleratur

76 1364 80 1370 ¹
156 1365 256 1434 reo,
280 1353 390 1410 contra
415 1364 510 1426 quem
534 1346 612 1408 nibil
634 1347 779 1426 probavit
802 1354 900 1424 actor,
921 1354 976 1410 aut
995 1347 1096 1411 actori
1112 1348 1173 1427 qui
1282 1385 1284 1390 -

189 1445 316 1522 plenam
328 1442 553 1522 probationem
568 1443 674 1507 attulit
688 1444 742 1524 (l).

515 1639 571 1702 §a
586 1667 616 1678 -
634 1639 671 1692 Ile
689 1640 840 1693 sententia.

229 1794 254 1846 l.
273 1791 312 1844 lle
331 1791 515 1849 conclusione
525 1795 556 1849 iu
569 1810 664 1850 causa.

227 1881 254 1934 2.
274 1879 313 1934 De
328 1883 473 1936 sententia
487 1881 670 1954 proferenda.

226 1971 253 2025 3.
273 1970 313 2024 De
328 1971 507 2040 reJudicala.

226 2057 253 2112 l.
271 2057 312 2112 lle
328 2061 497 2116 executione
512 2059 674 2116 sententia.

487 2241 508 2287 1.
525 2239 561 2287 De
575 2237 769 2288 conclusionem
787 2251 871 2286 causa.

232 2376 256 2434 l.
274 2375 469 2436 Sententiam
490 2379 676 2457 regulariter
694 2379 848 2460 praecedit
865 2377 1052 2438 conclusioni
1071 2395 1163 2451 cauca,

193 2473 312 2550 quavcl
328 2473 486 2552 litigantes
501 2476 703 2538 ulterioribus
721 2476 961 2556 probationibus
974 2474 1162 2550 renuntiant,

192 2571 240 2631 vel
254 2570 362 2650 judex,
379 2571 404 2631 si
422 2572 494 2650 jura
511 2574 649 2652 partium
663 2575 824 2653 explorata
838 2573 964 2648 habeat,
986 2589 1113 2634 causam
1131 2589 1167 2634 cx

193 2668 298 2729 officio
314 2669 496 2730 conclusam
515 2671 669 2732 decernit.
683 2671 829 2743 Quamvis
844 2671 898 2731 illa
915 2689 980 2732 non
992 2671 1033 2732 sit
1045 2671 1085 2732 de
1096 2669 1166 2731 sub-

194 2765 308 2826 stantia
330 2783 495 2844 processus
514 2767 683 2847 judicialis,
703 2773 810 2829 tamen
825 2768 985 2830 observari
1010 2769 1090 2829 solet
1106 2767 1162 2828 iste

193 2864 306 2924 modus
322 2865 556 2927 concludendi:
574 2865 671 2927 linitis
686 2865 925 2945 allegationibus
940 2871 971 2926 et
989 2864 1165 2944 responsio-

193 2958 296 3035 nibus,
324 2962 423 3041 judex
447 2963 618 3044 interrogat
648 2969 764 3042 partes,
790 2982 830 3024 an
850 2963 926 3041 quid
950 2965 1033 3024 ultra
1059 2963 1164 3024 afferre

192 3057 299 3119 velint.
315 3057 346 3120 Si
358 3061 438 3121 nibil
460 3061 600 3123 habeant
614 3062 827 3141 allegandum,
844 3061 937 3140 jubet
954 3061 1023 3122 fieri
1039 3061 1165 3122 conclu·

194 3151 315 3214 sionem
328 3157 361 3216 in
376 3175 479 3219 causa.
499 3159 532 3221 Si
546 3177 621 3221 vero
633 3177 695 3220 una
712 3177 785 3238 pars
801 3176 865 3220 non
880 3159 1040 3220 renuntiet
1055 3157 1165 3237 proba-

193 3246 344 3327 tionibus,
357 3254 618 3331 judcxrecusanti
625 3257 760 3336 prcefigit
768 3255 976 3319 sufficientem
984 3256 1165 3317 dilationem

193 3347 362 3424 temporis;
380 3369 442 3430 quo
466 3354 585 3432 elapso,
606 3373 699 3417 causa
721 3355 791 3433 ipso
816 3354 899 3415 facto
920 3355 1071 3416 conclusa
1094 3369 1163 3416 cen-

193 3446 289 3504 satur.

222 3588 256 3651 ll)
269 3587 435 3638 Decretalium
448 3590 491 3642 lib.
504 3593 535 3656 11,
547 3593 586 3642 rit.
601 3607 673 3658 xxrv,
685 3594 717 3644 de
728 3594 911 3659 Jarejurando.
