2604 4264
516 223 591 268 rans
612 223 778 270 saumana.
1084 221 1135 268 ΗΒ

151 341 228 424 luto
252 338 387 402 ecelesia
413 340 535 417 polluta
562 345 719 417 censetur,
747 345 779 402 et
798 341 939 403 vicissim
962 355 1018 419 per
1036 340 1137 420 poliu-

151 437 282 500 tionem
301 437 446 499 ecelesiae
459 435 613 515 polluitur
624 437 723 499 altare
738 440 845 500 iixum.
864 439 955 501 Ratio
975 436 1138 517 disparita-

152 534 200 596 tis
211 535 296 597 inter
309 534 395 595 hunc
409 539 440 596 et
453 535 691 612 praecedentem
706 552 816 598 casum
834 541 891 610 est,
915 536 1133 615 quiapollutio
1178 595 1181 600 .

154 633 258 696 afficit
266 637 371 695 totum
384 650 499 710 corpus
519 633 652 695 interius
665 635 833 709 ecclesiae3
851 636 1009 696 execratio
1024 641 1133 697 autem

156 731 257 792 afficit
271 732 356 791 solos
369 729 516 808 parietes
533 737 586 792 aut
598 729 703 810 ipsum
715 732 824 794 altare.

190 831 233 890 Ii.
252 827 360 889 Cattos
387 836 415 888 et
432 835 551 908 potente
564 828 713 905 materia,
738 829 946 904 consecratio,
968 828 1136 892 execratio.

186 931 215 989 i.
228 925 391 988 Prioribus
404 926 525 987 saeculis
536 945 600 988 non
613 934 679 990 tem
689 929 728 988 ad
744 929 909 990 materiam
922 927 1029 990 caliois
1041 946 1136 1006 quem

157 1026 197 1086 ed
225 1023 373 1087 virtutem
402 1043 547 1103 personae
580 1026 788 1088 sacrificantis
817 1025 956 1106 respexit
981 1027 1135 1088 Ecclesia

156 1123 272 1185 Postea
284 1139 358 1184 vero
371 1121 584 1201 prohibuitne
594 1122 676 1185 calix
686 1128 717 1185 et
731 1129 846 1202 patena
858 1125 1090 1186 conficerentur
1100 1141 1138 1186 ex

156 1219 259 1300 ligno,
270 1221 318 1282 vel
331 1231 369 1282 ex
381 1221 474 1293 vitro,
489 1221 539 1281 vel
554 1237 592 1281 ex
616 1221 734 1299 lapide,
749 1223 798 1282 vei
823 1238 860 1281 ex
870 1238 932 1282 aere
945 1226 999 1308 aut
1021 1238 1132 1299 cupro.

201 1319 351 1396 Superest
363 1318 462 1397 igitur
474 1324 511 1380 ut
530 1335 654 1392 aurum,
675 1323 842 1396 argentum
863 1323 894 1380 et
907 1321 1055 1379 stanuum
1079 1320 1137 1379 ad·

157 1415 340 1476 hibeantur.
352 1417 508 1478 Stannum
522 1405 588 1477 non
598 1414 778 1478 admittitur
790 1414 851 1475 nisi
868 1411 908 1477 ob
919 1420 1137 1495 paupertatem

162 1513 379 1575 ecclesiarum.
397 1515 531 1593 Semper
541 1531 615 1574 vero
631 1530 736 1592 cuppa
758 1512 868 1574 calicis
879 1516 910 1574 et
924 1519 1048 1592 patenae
1063 1527 1135 1591 pars

146 1623 148 1632 ¹
161 1609 296 1672 interior
310 1613 468 1672 deauratae
485 1629 551 1672 osse
568 1611 697 1672 dehent.

199 1715 228 1771 2.
244 1709 355 1772 Calicis
373 1715 405 1771 et
417 1715 540 1789 patenae
563 1708 948 1770 consecrationeccssaria
972 1690 1079 1784 est,'et
1097 1709 1137 1771 ab

157 1807 319 1886 Episcopo
333 1825 390 1884 per
407 1806 593 1867 unctionem
612 1805 791 1866 chrismatis
804 1807 978 1883 perficitur.

201 1922 230 1984 3.
252 1922 434 2007 Generatim
451 1898 620 1983 vasa'saora
635 1938 724 1981 suem
740 1922 919 1999 deperdunt
932 1919 1142 1983 consecratio—

159 2037 246 2096 nem,
254 2021 384 2098 quando
396 2019 439 2081 ite
447 2022 633 2099 franguntur
642 2026 678 2082 ut
688 2018 1135 2097 inoptadautsuoministerio

202 2119 236 2180 ln
250 2118 357 2196 specie
382 2116 581 2180 consecratio
604 2117 714 2178 caliois
735 2117 913 2190 amittitur:
936 2117 1046 2196 primo,
1063 2113 1088 2175 si
1105 2114 1139 2174 in

162 2213 259 2292 ipsius
269 2216 369 2277 fundo
383 2216 436 2276 fiat
450 2216 607 2276 foramen.
623 2211 768 2290 Secundo,
787 2215 915 2293 quando
928 2215 971 2274 ita
985 2214 1139 2290 frangitur

160 2318 269 2374 utnon
283 2311 420 2391 amplius
439 2315 592 2374 decenter
612 2311 764 2372 inservire
790 2313 913 2391 possit;
939 2331 1003 2374 uon
1030 2317 1136 2372 autom

160 2409 318 2471 amittitur
330 2409 529 2471 consecratio
548 2426 606 2488 per
617 2409 739 2487 aliquos
748 2409 830 2471 ictus
845 2427 863 2470 a
877 2410 966 2472 fabro
983 2411 1134 2470 inflictos

162 2505 272 2583 Tertio,
287 2509 415 2587 quando
431 2511 714 2587 cuppa-separatur
738 2508 864 2588 epodo,
878 2507 939 2568 nisi
952 2508 993 2570 sit
1007 2504 1139 2568 tornati·

159 2604 210 2666 iis,
228 2605 351 2680 Quarto,
369 2607 496 2684 quaudo
513 2606 552 2665 de
566 2622 650 2665 novo
669 2604 840 2667 inauratur.
878 2589 883 2598 ’

199 2705 253 2764 ΙΙΙ.
273 2701 493 2784 Campanorum
508 2702 708 2764 consecratio
722 2708 752 2764 et
769 2721 855 2764 usus.

200 2804 229 2862 1.
244 2803 411 2880 Campanae
421 2799 743 2879 baptizaridicuntur,
762 2819 800 2862 ex
816 2799 946 2878 eoquod
959 2798 1135 2874 abluantur,

161 2897 790 2978 sacrooiooungantur,etiisdemnomen
804 2893 1138 2974 sanctorumimpona·

160 3003 223 3060 tur.
232 2997 551 3064 Earumconseoratio
563 2996 728 3057 fitinhuno
742 2995 849 3068 finem,
861 2993 1040 3071 utipserum
1049 2995 1138 3056 soni·

160 3091 1140 3174 tuquasisaoretopopulusediandesdivinasconvocetunre-

161 3191 1136 3271 pellanturinsidiaedemonumtempestatesnoxieefugentur.

201 3293 433 3370 Gempanerum
448 3289 646 3351 consecratio
659 3288 701 3348 ad
711 3287 905 3367 Episcopum
919 3287 1056 3366 pertinet
1065 3289 1136 3367 jure

160 3388 336 3462 communi,
355 3389 467 3448 eadem
488 3388 557 3466 lege
572 3404 633 3464 qua
653 3385 683 3448 ei
697 3391 895 3461 reservantur
914 3407 1025 3450 omues
1040 3387 1138 3448 bene·

161 3483 318 3547 dictiones
330 3503 388 3564 per
402 3485 585 3559 unctionem
595 3482 773 3545 chrismatis
785 3487 1001 3563 perficiendae.
1028 3539 1030 3543 .

201 3586 234 3643 2.
246 3583 413 3662 Campanae
434 3580 668 3644 benedicuntur
681 3581 716 3643 in
729 3601 822 3646 usum
835 3588 958 3646 tantum
976 3579 1140 3644 ecciesias-
