2618 4252
236 259 289 306 208
393 258 549 306 nitrosum
570 259 748 306 Mandonion
768 261 851 306 sums
872 261 1028 308 canonlcl.

589 491 809 548 ARTIGULUS
826 494 855 548 11

537 659 753 698 indamnandus
770 659 910 700 ECCLESIAE.

270 815 286 877 g
309 813 334 866 t.
350 810 523 866 Autonomis
534 809 685 880 utriusque
698 810 855 881 potestatis.

271 903 286 966 ς
307 902 336 954 2.
351 899 503 969 objectum
517 897 752 969 independentiae
765 898 910 960 Ecclesiae.

391 1101 406 1163 ἓ
423 1099 495 1150 1.·-
508 1098 674 1152 Autonomia
690 1097 837 1165 utriusque
852 1099 1003 1164 potestatis
1020 1101 1063 1166 (ι).

275 1259 316 1321 Ut
333 1257 403 1319 haeo
424 1257 674 1335 independentia
693 1257 753 1319 rite
775 1257 991 1336 concipiatur,
1011 1256 1220 1321 animadver-

133 1442 135 1446 .
182 1403 184 1408 ·
234 1359 367 1422 tendum
381 1360 438 1430 est,
456 1371 526 1416 cam
540 1372 606 1416 non
625 1355 670 1417 sic
686 1372 755 1417 esse
772 1355 1024 1435 intelligendam,
1041 1356 1137 1435 quasi
1158 1357 1221 1418 Eo-

236 1457 330 1522 clesia
340 1461 371 1517 et
383 1456 489 1516 Status
501 1454 632 1516 omnino
644 1459 841 1532 separentur,
853 1455 901 1515 vei
914 1455 1066 1516 alterutra
1078 1456 1219 1518 societas

235 1553 351 1616 auxilio
365 1552 494 1614 alterius
506 1568 571 1613 non
584 1551 734 1630 indigeat.
747 1552 809 1614 Sed
819 1551 931 1631 potius
944 1552 1013 1614 haec
1027 1552 1219 1614 autonomia

164 1657 166 1661 ‘
235 1651 269 1711 in
287 1668 324 1712 co
346 1649 406 1711 sita
427 1654 485 1726 est,
506 1654 540 1710 ut
561 1649 715 1711 ambabus
737 1648 940 1712 societatibus
961 1649 1100 1712 liberum
1116 1650 1160 1712 sit
1179 1651 1217 1712 ad
1307 1639 1308 1662 ³

235 1749 332 1809 finem
344 1747 406 1808 sibi
421 1747 587 1826 proprium
602 1747 717 1808 mediis
734 1746 794 1807 sibi
809 1747 947 1825 propriis
964 1748 1112 1823 tenderc;
1129 1749 1218 1810 unde

234 1861 294 1906 nec
320 1846 427 1907 Status
448 1844 481 1904 in
505 1844 641 1922 negotiis
666 1843 901 1918 ecclesiasticis,
928 1861 989 1906 nec
1013 1845 1159 1907 Ecclesia
1183 1845 1217 1906 in

234 1941 371 2022 negotiis
387 1943 475 2002 mere
488 1940 634 2003 civilibus
648 1947 715 2002 sese
728 1941 872 2017 ingerere
887 1940 955 2002 sine
969 1941 1084 2019 injuria
1095 1948 1213 2021 potest.

228 2055 229 2060 ’
274 2041 300 2101 1.
315 2038 451 2100 Potestas
464 2037 556 2098 cicilie
567 2045 610 2098 est
623 2035 814 2118 independens
827 2037 857 2097 in
867 2056 919 2096 sno
932 2036 1041 2112 ordine,
1058 2039 1092 2099 id
1106 2044 1166 2115 est,
1179 2039 1214 2099 in

234 2136 369 2214 negotiis
386 2152 473 2197 mere
487 2134 728 2214 temporalibus.

185 2241 188 2248 '
275 2231 368 2293 Proh.
387 2234 418 2293 κ’
434 2249 473 2292 ex
484 2231 587 2294 verbis
604 2232 741 2294 Christi:
763 2251 777 2288 o
789 2232 926 2294 Reddite
942 2249 1012 2311 quae
1026 2235 1101 2294 sunt
1114 2223 1214 2295 casa-

234 2329 289 2405 ris,
305 2327 430 2405 Caesari,
446 2334 478 2391 et
490 2347 561 2410 quan
575 2335 649 2391 sunt
663 2329 732 2404 Dei,
747 2331 814 2390 Deo
826 2327 880 2410 (Ξ).
898 2352 919 2407 a

274 2427 369 2489 Proh.
385 2431 417 2493 2⁰
433 2444 470 2488 ex
490 2428 635 2489 doctrina
650 2433 681 2501 ct
696 2427 786 2508 praxi
800 2427 966 2502 Ecclesiae,
985 2447 1057 2507 quae
1071 2428 1141 2508 ipsa
1153 2429 1210 2490 do-

236 2531 287 2590 cet
300 2524 422 2604 legibus
437 2524 582 2586 civilibus
596 2524 815 2587 obediendum
835 2542 916 2600 esse,
931 2532 964 2589 et
979 2526 1146 2604 politicam
1159 2543 1212 2605 po-

235 2621 381 2686 testatem
404 2641 422 2682 a
449 2623 514 2683 Deo
535 2622 712 2684 dimanare.
740 2624 898 2685 Caeterum
910 2640 1006 2685 nemo
1030 2623 1211 2685 indubium

234 2725 359 2782 revocat
370 2717 653 2796 independentiam
664 2720 771 2781 Status
787 2718 820 2778 in
835 2719 971 2798 negotiis
986 2735 1075 2781 mere
1089 2724 1213 2798 tempo-

234 2814 365 2878 ratibus,

273 2914 312 2974 ii.
324 2912 458 2974 Ecclesia
468 2923 511 2974 est
526 2911 718 2995 independens
737 2912 771 2973 in
785 2911 824 2974 iis
839 2911 988 2974 omnihus
1008 2930 1080 2992 qnae
1093 2913 1212 2992 adeius

236 3005 491 3069 dnemctmedia
507 3011 661 3086 spectant.
711 3007 714 3014 ’
1140 3077 1142 3080 ,

273 3103 368 3164 Proh.
395 3107 424 3164 t.
451 3103 574 3166 ratione.
601 3103 742 3166 Societas
773 3101 934 3175 distincta,
961 3100 1052 3178 cujus
1077 3099 1150 3160 finis
1173 3100 1210 3159 ad

234 3184 327 3260 aliam
341 3199 526 3262 societatem
538 3218 603 3262 non
618 3199 792 3274 ordinatur,
805 3198 1027 3278 independens
1041 3201 1102 3272 est,
1115 3195 1215 3275 siqui·

170 3383 173 3388 .
268 3357 303 3422 (l)
322 3359 436 3422 Philiipr,
451 3362 491 3412 Du
508 3361 576 3411 droit
592 3361 776 3424 ecclesiasticae
791 3359 856 3408 dans
868 3373 907 3408 ses
923 3358 1052 3422 principes
1075 3357 1216 3418 pdntrouc,

233 3443 251 3489 ι.
272 3438 306 3500 11,
320 3452 348 3500 p.
364 3442 418 3490 roe.
430 3465 463 3478 -
476 3442 589 3506 strumo,
608 3442 684 3492 oron
698 3439 828 3506 pontiado
846 3424 966 3503 adnue,
976 3445 995 3489 ι.
1017 3438 1104 3492 nn-
1118 3435 1215 3498 segne,

232 3515 402 3567 institutiones
411 3518 481 3582 juris
489 3519 596 3584 publici,
608 3535 666 3586 pars
679 3523 712 3585 11,
723 3521 767 3571 lib.
783 3519 803 3581 1,
819 3531 876 3582 cap.
891 3533 911 3570 1.

232 3596 297 3662 igit)
309 3597 407 3659 dietih„
419 3610 482 3662 xxrr,
492 3601 533 3651 21.
