2590 4262
465 305 539 348 PARS
571 303 735 352 sanemus.
1033 309 1085 354 229

113 439 169 498 pro
184 421 374 494 defectione,
392 420 687 497 quarecedimusah
698 440 736 484 eo
746 423 818 484 vitae
829 423 986 499 instituto,
1001 428 1088 504 quod

112 518 247 581 solemni
255 518 451 598 professione
466 519 677 598 suscepimus3
693 521 778 582 unde
792 520 907 599 triplex
921 524 1090 600 apostasiae

111 617 233 696 species
246 616 458 696 distinguitur,
469 633 585 696 nempe
600 633 742 680 recessus
756 619 829 680 vela
843 619 980 698 religione
993 620 1086 681 aare·

112 715 205 792 traua,
219 716 265 777 vel
281 733 299 774 a
315 721 396 774 stata
406 713 546 788 clericali,
558 716 607 777 vel
620 716 660 784 ab
673 715 773 777 ordine
782 717 923 797 regulari.

153 813 300 874 Omnium
317 813 540 888 gravissimum
557 813 680 873 crimen
694 819 742 876 est
756 815 898 895 apostasia
911 836 929 875 a
943 815 1012 897 fide,
1029 834 1086 893 per

109 897 207 986 quam
221 909 393 986 baptizatus
406 909 594 988 religionem
618 911 822 972 christianam
842 912 973 973 omnino
993 903 1085 974 dese-

109 1005 163 1080 rit,
181 1005 243 1067 sive
257 1007 297 1066 ad
324 1007 537 1081 ludaismum,
563 1007 798 1083 Paganismum,
826 1009 949 1070 aliudve
973 1009 1086 1070 infide·

110 1104 208 1165 litatis
220 1121 318 1183 genus
338 1108 488 1179 transeat,
515 1103 579 1165 sive
592 1104 706 1165 relicto
720 1105 844 1166 Christo
859 1106 978 1166 nullam
993 1107 1085 1168 dein-¹

105 1219 184 1280 ceps
200 1202 389 1280 religionem
397 1203 593 1279 profiteatur.
878 1277 882 1286 Ι

149 1301 189 1362 ΙΙ.
215 1299 321 1360 Tribus
342 1298 434 1359 modis
461 1299 575 1378 aliquis
599 1302 707 1379 potest
727 1315 795 1361 esse
824 1305 987 1379 apostata:
1010 1305 1041 1362 1⁰
1061 1303 1086 1362 si

109 1403 220 1459 mente
235 1398 301 1458 sola
321 1397 452 1458 recedat
477 1397 572 1456 elide
591 1395 772 1470 christiana,
790 1415 853 1476 quo
873 1415 947 1460 casu
968 1401 1087 1461 consti·-

109 1496 213 1558 tuitur
221 1499 368 1574 apostata
389 1510 498 1555 coram
516 1495 602 1568 Deo;
620 1511 747 1572 poenam
767 1499 875 1556 tamen
896 1496 1085 1558 canonicam

106 1610 177 1654 non
203 1593 369 1667 contrahit,
395 1591 469 1669 quia
497 1591 582 1652 illius
610 1595 778 1669 peccatum
806 1593 931 1656 interne
959 1599 1084 1656 tantum

104 1689 332 1751 commititur.

144 1791 175 1847 2.
203 1786 237 1848 Si
259 1792 365 1848 mente
386 1785 481 1846 simul
503 1790 534 1846 et
557 1783 672 1859 verbis,
698 1786 748 1847 vel
775 1786 866 1848 factis
896 1787 1085 1866 religionem

104 1883 222 1945 Christi
238 1885 372 1959 deserat,
396 1884 482 1960 quod
497 1900 604 1944 veram
615 1883 806 1961 apostasiam
824 1885 857 1944 in
870 1885 940 1944 loro
956 1890 1086 1947 externo

104 1981 200 2042 simul
219 1986 251 2042 et
265 1981 390 2042 interno
411 1979 519 2053 eflicit,
537 1979 662 2040 etiamsi
680 1979 835 2041 delictum
850 1980 890 2040 sit
911 1981 1084 2043 occultum.

147 2081 177 2141 3.
196 2079 230 2141 Si
245 2079 349 2140 verbis
371 2082 495 2138 tentum
511 2078 560 2138 vel
583 2077 686 2152 factis,
711 2095 777 2139 non
802 2082 909 2138 tamen
927 2078 1046 2154 animo,
1067 2099 1085 2140 a

109 2177 173 2272 ude
184 2177 321 2251 deficiat,
335 2176 368 2235 in
383 2176 452 2237 loro
464 2179 595 2236 externo
608 2179 756 2236 censetur
765 2179 918 2253 apostata,
930 2179 999 2236 tum
1013 2176 1086 2254 quia

105 2273 309 2353 praesumitur
318 2273 453 2334 scienter
462 2271 661 2349 delinquere,
671 2276 740 2333 tum
753 2273 827 2351 quia
837 2289 874 2334 ex
885 2276 974 2334 metu
983 2279 1085 2334 traus-

106 2370 246 2449 greditur
257 2369 485 2448 obligationem
502 2368 675 2448 profitendi
699 2371 796 2430 fidem
813 2369 962 2432 exterius.
980 2371 1087 2433 Mitius

105 2485 179 2528 vero
192 2468 350 2546 agendum
364 2466 514 2527 cumillis
530 2467 585 2545 qui
597 2467 637 2527 ab
653 2467 795 2528 Ecclesia
807 2485 870 2528 non
886 2467 1082 2542 deiecerunt,

105 2563 164 2624 nisi
179 2569 215 2624 ut
231 2565 387 2626 cruciatus
406 2565 597 2640 evaderent3
614 2565 700 2626 unde
718 2565 849 2644 proprio
864 2567 994 2628 nomina
1013 2566 1090 2645 lapsi

40 2678 44 2695 “
104 2662 302 2724 dicebantur.
683 2670 689 2678 “

142 2762 197 2822 ΙΙΙ.
212 2763 373 2839 Apostatae
386 2759 501 2822 iisdem
508 2761 604 2842 poeaas
613 2759 802 2822 achaeretici
814 2760 1007 2836 plectuntur,
1019 2757 1085 2817 imo

101 2857 241 2922 severius
255 2861 431 2920 tractantur
447 2857 489 2918 ob
505 2858 659 2938 maj0rem
681 2853 823 2917 criminis
839 2855 1034 2933 gravitatem.

476 3043 500 3088 2.
514 3038 550 3087 De
565 3037 654 3086 lraeresi
666 3035 708 3100 (l).

143 3197 168 3258 Ι.
200 3194 324 3270 Oaittam
346 3193 383 3254 ab
412 3191 547 3272 Ecclesia
571 3189 797 3252 condemnentur
823 3189 936 3250 ratione
950 3188 1081 3252 haeresis.

100 3293 460 3354 Communiterhaeresis
472 3290 621 3352 definitur
631 3307 720 3351 error
729 3289 927 3351 voluntarius
944 3293 975 3350 et
984 3287 1083 3367 perti-

102 3373 163 3452 nax
174 3391 249 3452 fidei
261 3389 428 3452 manifeste
449 3406 637 3470 repugnans,
662 3388 696 3449 in
709 3405 747 3452 eo
762 3387 816 3467 qui
829 3387 926 3450 fldem
951 3387 1084 3451 catholi·

103 3505 174 3550 cam
185 3488 334 3566 suscepit.

132 3649 166 3711 (l)
180 3647 348 3700 Decretalium
363 3647 407 3698 lib.
425 3648 454 3710 V,
469 3649 512 3700 tit.
524 3662 570 3712 vu,
586 3649 769 3701 declarativis.
783 3611 789 3622 ς
828 3639 831 3645 ’
