2618 4252
484 234 557 278 PARS
578 233 741 280 satclttts.
1051 235 1104 280 309

125 347 276 410 ecclesias
296 347 521 427 particulares;
543 355 575 412 et
594 351 769 430 generatim
788 351 932 413 societati
948 367 1105 430 supremae

127 445 283 526 competit
296 446 401 522 quoad
416 445 581 508 interiores
596 447 763 511 societates
776 449 1001 528 homogeneas.

166 547 196 606 3.
222 545 264 605 Ut
286 542 344 605 iste
364 542 515 619 primatus
539 543 704 608 indirecta
724 545 941 624 jurisdictioni
965 546 1005 608 sit
1027 563 1103 608 con·

122 645 263 724 junctus,
280 640 324 702 ita
337 645 372 700 ut
384 639 516 701 societas
532 641 633 721 major
647 642 772 704 nonnisi
785 662 844 724 per
861 642 990 704 occidens
1004 643 1104 722 possit

126 739 348 802 auctoritatem
368 754 457 797 suam
479 754 636 816 exercere,
661 757 735 803 oum
751 741 875 803 scilicet
892 741 1013 819 proprii
1033 740 1103 802 finis

125 835 298 899 necessitas
314 833 344 894 id
362 834 472 914 exigit.
494 836 551 898 Hic
572 842 679 900 autem
698 840 812 901 modus
834 836 977 900 societati
991 835 1102 916 maiori

125 932 275 998 convenit
284 948 357 1010 erga
366 931 532 992 societates
544 931 770 1013 heterogeneas
780 955 787 1009 ;
796 955 823 996 v.
832 953 861 1014 g.
870 934 1022 996 Ecclesiae
1030 951 1104 996 con·

18 1019 19 1092 ζ
126 1031 214 1094 venit
228 1047 300 1108 erga
312 1028 479 1090 societates
489 1027 607 1090 civiles.

166 1130 218 1191 Ill.
230 1117 394 1205 ‘Majoritas
406 1125 556 1186 Ecclesiae
575 1145 640 1188 non
656 1127 746 1190 laedit
759 1128 1104 1209 independentiamsc-

125 1225 249 1291 cietatis
263 1224 374 1286 civilis.
389 1225 514 1286 Etenim
529 1225 562 1285 in
577 1225 671 1287 rebus
682 1227 923 1306 temporalibus,
940 1233 970 1288 et
985 1227 1043 1288 sub
1056 1243 1102 1288 re-

124 1330 238 1404 spectu
252 1322 322 1384 finis
334 1323 530 1400 temporalis,
543 1323 684 1384 Ecclesia
697 1325 778 1386 nihil
789 1330 895 1404 potest
908 1325 941 1384 in
951 1323 1102 1386 societate

144 1443 187 1484 1v1
200 1443 222 1483 1.

124 1442 142 1486 c
166 1424 260 1581 Plrob.
273 1518 396 1580 ratione.
410 1516 570 1596 Quidquid
586 1519 621 1579 fit
636 1517 669 1578 in
682 1518 776 1580 rebus
790 1517 1030 1598 temporalibus,
1043 1517 1101 1579 sub

18 1609 19 1694 ζ
125 1623 272 1696 respectu
293 1615 363 1675 finis
391 1614 585 1693 temporalis,
615 1620 791 1694 estpraeter
818 1617 915 1677 finem
938 1616 1099 1682 Ecclesiae.

127 1715 223 1794 Atqui
237 1712 391 1794 generalis
409 1713 518 1791 regula
543 1717 600 1787 est,
625 1713 791 1776 societates
801 1714 881 1776 nihil
895 1733 988 1793 posse
1002 1714 1036 1774 in
1050 1714 1099 1787 iis,

128 1831 198 1892 quae
211 1816 285 1873 sunt
297 1814 384 1872 extra
393 1810 490 1870 linem
503 1809 680 1887 proprium.

165 1910 199 1969 ld
213 1907 309 1970 etiam
330 1907 464 1966 inlertnr
477 1922 515 1966 ex
532 1905 715 1966 autonomia
730 1907 896 1986 utriusque
915 1909 1099 1986 potestatis:

126 2011 265 2086 potestas
278 2005 378 2067 ninus
396 2009 443 2066 est
454 2001 674 2083 independens
689 2005 723 2065 in
737 2023 794 2068 sno
809 2007 931 2082 oraine,
948 2007 981 2068 ro
997 1988 1053 2084 εει,
1068 2009 1101 2068 n

126 2105 221 2168 rebus
236 2121 322 2166 mere
335 2102 573 2181 temporalibus.

178 2327 235 2392 §A
251 2354 280 2363 -
295 2325 491 2379 Subordinatio
512 2325 657 2377 societatis
680 2325 771 2377 civilis
792 2325 995 2377 catholicorum
1017 2325 1052 2376 ad

538 2417 700 2470 Ecclesiam.

167 2598 192 2657 l.
219 2594 346 2672 Triplex
371 2589 554 2672 hypothesis
580 2592 656 2668 fingi
681 2596 800 2669 potest:
822 2591 870 2652 vel
886 2587 1103 2650 subordinatio

112 2692 279 2755 Ecclesia
297 2690 336 2750 ad
358 2690 492 2762 Statum,
506 2689 555 2748 vel
568 2689 731 2767 aequalitas
742 2688 907 2767 utriusque
926 2683 1101 2765 potestatis,

127 2791 175 2852 rel
187 2785 406 2850 subordinatio
420 2787 524 2847 Status
545 2786 583 2844 ad
601 2785 788 2846 Ecclesiam.
804 2783 902 2862 Atqui
915 2799 1019 2862 neque
1036 2781 1102 2860 pri-

128 2903 192 2962 ma,
206 2901 309 2963 neque
320 2882 460 2944 secunda
469 2881 652 2961 hypothesis
667 2880 793 2941 admitti
809 2873 923 2957 potest.
1024 2921 1026 2926 -

169 2982 196 3040 l.
214 2977 350 3039 Admitti
367 2973 479 3053 nequit
492 2972 691 3042 subordinatio
716 2971 856 3034 Ecclesiae
870 2969 911 3031 od
920 2969 1053 3032 Statum.
1070 2971 1103 3033 Si

127 3075 215 3136 enim
241 3072 312 3133 finis
331 3069 481 3133 Ecclesiae
502 3087 568 3130 non
589 3071 687 3132 modo
702 3069 855 3144 diversus,
883 3067 1104 3129 verumetiam

127 3172 222 3250 longe
236 3177 284 3233 est
297 3171 389 3232 altior
414 3186 509 3248 quam
527 3166 596 3230 finis
610 3167 769 3247 politicus,
787 3166 951 3246 quomodo
965 3170 1104 3244 potestas
1218 3163 1221 3180 “

128 3287 200 3347 quae
211 3268 260 3328 illi
280 3268 334 3328 fini
355 3262 538 3345 respondet,
554 3263 697 3344 subjecta
711 3281 777 3326 esse
792 3263 911 3348 poterit
924 3262 1103 3325 auctoritati

130 3383 202 3446 quae
214 3366 270 3427 fini
279 3364 424 3427 interiori¹
433 3363 611 3444 advigilat?
624 3365 756 3443 Insuper
771 3361 796 3422 si
806 3362 948 3424 Ecclesia
960 3367 1006 3423 est
1017 3361 1104 3422 insti·
1177 3395 1179 3399 -

128 3464 210 3527 tutio
223 3463 328 3524 divina
340 3467 371 3524 et
383 3461 602 3538 immutabilis,
616 3463 723 3523 Status
731 3477 806 3522 vero
818 3460 968 3538 politicus
980 3460 1105 3521 constat

129 3561 333 3627 institutione,
342 3560 480 3622 humana
493 3563 525 3622 et
537 3557 693 3635 mutabili,
708 3558 871 3638 quomodo
885 3557 978 3638 hujus
990 3553 1104 3618 ditioni
