2594 4286
235 314 268 367 2⁴
401 319 558 370 uxrostrlo
580 319 756 366 nnrnonlca
775 319 859 366 rums
881 320 1037 369 cinctuti.

272 443 304 502 4⁰
334 441 494 503 Parochus
520 443 625 520 potest
655 439 743 502 adire
769 440 981 521 Episcopum,
1016 441 1221 526 reclamandi

233 556 344 614 causa;
369 539 510 601 sednon
535 541 659 600 constat
682 555 722 599 an
747 539 923 620 Episcopus
941 543 1086 602 teneatur
1108 538 1222 618 ipsum

234 653 365 712 vocare3
382 653 552 699 consensus
573 635 709 696 Parochi
723 654 788 698 uon
810 643 858 698 est
881 636 1091 698 necessarius.
1116 637 1221 698 Paro·

236 733 314 796 chus
337 738 443 813 potest
464 733 537 795 novi
555 738 729 795 conventus
745 733 898 796 erectioni
926 751 960 795 se
987 750 1162 814 opponere,
1189 739 1223 795 et

235 832 404 912 appellare,
423 831 465 894 ob
482 831 669 912 praejudicia
684 833 804 912 jurium
820 832 1051 912 parochialium
1065 851 1139 895 vere
1161 835 1223 894 lae-

236 930 312 1008 siva,
325 949 390 993 non
399 949 473 992 vero
485 929 672 1010 regulariter
683 926 724 992 ob
735 930 919 1010 praejudicia
928 932 1102 1011 improprie
1116 932 1219 1008 dicta,

237 1049 309 1112 quae
326 1034 399 1092 sunt
412 1048 502 1092 casus
517 1029 804 1109 frequentissimus.

277 1132 310 1192 5⁰
342 1128 526 1210 Requiritur
557 1132 593 1190 ut
617 1129 650 1189 in
684 1133 840 1190 conventu
864 1129 1034 1193 duodecim
1057 1128 1222 1206 regulares

238 1225 406 1288 sustentari
423 1225 557 1302 valeant,
581 1225 724 1304 alioquin
747 1233 934 1289 conventus·
949 1231 1096 1306 remanet
1115 1225 1221 1287 omni·

239 1325 344 1386 modae
355 1323 571 1403 iurisdictioni
582 1324 815 1404 Episcoporum
833 1324 1003 1404 subjectus.

278 1425 310 1485 6⁰
328 1423 377 1484 Ad
388 1423 556 1502 erigendos
570 1422 756 1484 monialium
773 1427 959 1497 conventus,
971 1421 1144 1502 requiritur
1153 1438 1223 1483 non

239 1520 473 1601 beneplacitum
489 1522 519 1583 S.
538 1520 629 1583 Sedis
649 1526 734 1582 extra
750 1521 885 1599 Italiam,
905 1521 961 1584 sed
974 1539 1125 1584 numerus
1139 1538 1220 1583 cou-

238 1619 377 1699 veniens,
394 1624 426 1682 et
443 1619 575 1681 licentia
589 1618 739 1699 Episcopi
755 1617 810 1700 (l).
1133 1615 1137 1624 '

590 1833 814 1890 ARTICULUS
831 1834 861 1890 11

434 1992 527 2037 Nonus
541 1996 715 2039 ntsnnmnrrm
734 1995 837 2040 STATUH
856 1993 1026 2040 umerosun·

281 2151 296 2214 ἓ
316 2150 340 2202 l.
355 2147 394 2202 De
406 2145 592 2204 admittendis
604 2147 636 2204 in
650 2150 757 2206 statum
768 2148 946 2222 religiosum.

279 2238 333 2301 §2
348 2236 387 2290 De
401 2233 551 2291 novitiatu.

281 2323 297 2390 5
310 2326 336 2380 3.
350 2325 390 2382 De
403 2323 593 2396 professione.

369 2511 504 2578 §l.-lle
517 2512 700 2567 admittendis
715 2513 746 2567 in
760 2515 864 2567 statum
875 2514 1036 2581 religiosum
1046 2515 1096 2582 (2).

286 2669 486 2732 Admittendi
509 2676 593 2748 sunt,
612 2672 666 2752 qui
679 2672 854 2752 prudenter
873 2678 1059 2751 reputantur
1074 2673 1223 2736 divinitus

245 2769 360 2842 vocati,
374 2773 406 2830 et
417 2769 544 2831 aliunde
557 2771 649 2832 liberi
665 2770 790 2832 suntab
806 2770 893 2833 omni
908 2770 1152 2850 impedimento.

285 2869 309 2929 l.
328 2866 629 2948 Requiritcrnocotio
651 2869 767 2945 divina,
781 2869 815 2929 id
832 2874 889 2945 est,
910 2875 999 2944 actus
1017 2869 1222 2949 providentia·

247 2966 504 3044 supernaturalis,
524 2983 588 3045 quo
602 2969 683 3028 Deus
698 2967 821 3045 aliquos
840 2967 963 3028 inducit
980 2971 1011 3028 et
1032 2968 1172 3046 disponit
1184 2961 1222 3028 ad
1270 2965 1271 2968 ’

247 3061 519 3141 ρεπῖεοῑὶοηεῐηῑῃ
531 3070 611 3126 statu
620 3065 768 3143 religioso
782 3065 998 3144 quaerendam.
1010 3097 1050 3111 -·
1061 3065 1224 3126 Ordinaria

247 3159 422 3246 vocationis
445 3162 533 3240 signa
549 3167 623 3224 sunt
640 3162 795 3242 impulsus
810 3161 950 3223 internus
968 3182 975 3236 ;
1000 3163 1124 3224 animus
1151 3181 1225 3224 con-

249 3263 334 3320 stans
342 3259 545 3335 perlectionis
557 3261 758 3338 acquirenda
769 3266 905 3340 pervola
914 3249 1078 3340 cujusdam
1088 3261 1223 3337 ordinis;

250 3353 394 3433 aptitudo
409 3373 479 3433 quae
490 3355 549 3418 sita
559 3363 606 3420 est
616 3358 648 3417 in
660 3357 768 3420 indole
780 3362 867 3419 recta
881 3361 912 3419 et
925 3357 1034 3434 docili,
1049 3358 1082 3418 iu
1096 3357 1227 3420 scientia

284 3529 318 3594 (1)
332 3527 418 3590 Bouix,
429 3528 460 3578 de
476 3527 654 3594 Requtcribos,
665 3543 724 3592 pars
738 3528 771 3592 ll,
784 3536 847 3582 sect.
868 3532 889 3582 1.

284 3606 318 3668 (2)
339 3607 563 3669 schmalzgrueber,
584 3609 629 3656 dus
650 3607 851 3673 ecclest'asticum,
867 3609 910 3660 lib.
926 3607 969 3673 111,
986 3609 1025 3662 tit.
1047 3623 1119 3674 xxxi,
1131 3608 1146 3673 ἓ
1157 3613 1179 3662 3.
1199 3634 1227 3650 -·

251 3686 340 3751 Bouix,
350 3687 382 3737 de
391 3685 566 3752 deputandus,
579 3701 637 3752 pars
648 3689 677 3740 V.
