2590 4262
427 365 430 372 .
449 322 522 368 Plus
544 323 707 372 SPECIALIS.
1009 328 1063 372 965

87 440 240 502 dictione.
261 441 437 520 Suspensus
452 439 492 500 ab
511 441 623 504 ordine
649 443 812 521 superiore
827 461 892 505 non
907 445 980 506 ideo
994 463 1063 507 sus·

85 538 237 618 penditur
269 537 309 598 ab
341 537 452 598 ordine
488 537 649 601 interiore.
684 542 860 618 Suspensus
887 543 925 603 ab
951 543 1063 604 ordine

4 653 5 690 1
84 640 226 716 recepto,
241 634 271 696 vi
285 634 427 714 ejusdem
453 636 669 714 suspensionis
687 637 809 700 interea
822 639 1005 718 impeditur,
1022 657 1063 702 ne
1081 663 1083 667 ¹

4 723 5 726 ¹
85 735 125 794 ad
141 735 276 814 maj0res
292 733 452 794 ascendat.

124 835 155 893 2.
173 833 349 908 Suspensus
372 831 512 906 totaliter
534 830 571 891 ob
596 830 695 912 efficto
718 837 898 894 removetur
915 835 954 895 ab
975 839 1062 898 omni

87 927 194 990 officio
208 932 278 988 tum
289 927 421 1000 ordinis,
436 932 506 988 tum
517 929 763 1006 jurisdictionis.
781 933 850 992 Non
864 936 969 1010 potest
988 935 1062 1015 eligi

86 1027 126 1087 ad
141 1025 343 1098 beneficium,
366 1025 440 1103 quia
453 1024 645 1086 heneficium
661 1028 753 1089 datur
767 1031 1060 1107 propterollicium.

86 1125 262 1202 Suspensus
290 1140 308 1183 a
328 1121 549 1201 jurisdictione
573 1125 650 1198 sole,
677 1142 742 1186 non
766 1130 812 1186 est
835 1145 1003 1206 suspensus
1021 1128 1061 1190 ab

86 1217 482 1292 ordine,velahenelicio.
535 1265 538 1273 ,

124 1321 154 1380 3.
172 1318 347 1395 Suspensus
372 1335 390 1376 a
414 1317 570 1378 beneficio
584 1336 648 1379 non
663 1318 803 1396 privatur
822 1299 991 1396 lienefioio,
1006 1323 1062 1384 sed

84 1414 305 1490 tantumillius
321 1413 486 1476 fructibus.
507 1415 587 1476 Hinc
615 1432 713 1477 onera
734 1415 881 1492 beneficii
896 1421 981 1496 apud
994 1437 1062 1482 sus-

84 1529 222 1590 pensum
240 1516 380 1572 manent.
999 1561 1001 1567 .

125 1611 165 1670 ΙΙ.
184 1609 297 1670 Violons
310 1607 521 1688 suspensionem
533 1609 708 1671 committit
717 1616 884 1686 peccatum
901 1629 1064 1692 exgenere

85 1725 144 1768 suo
162 1707 312 1780 mortale3
340 1723 414 1764 nom
435 1706 613 1767 contemnit
636 1707 787 1767 Ecclesiae
808 1713 1018 1787 praeceptum‚
1034 1715 1065 1772 et

87 1821 216 1884 gravem
229 1805 313 1865 illius
329 1820 505 1863 censuram.

125 1901 392 1982 irregularitatem
416 1897 567 1974 incurrit,
592 1900 771 1961 exercendo
790 1905 897 1962 actum
930 1901 1061 1965 ordinis.

87 2001 160 2060 Haeo
186 2015 280 2076 poena
303 2015 367 2057 non
391 1995 577 2070 incurritur,
606 1995 632 2056 si
658 1995 793 2060 clericus
818 1996 914 2059 violet
931 2015 1065 2077 suspen-

89 2096 211 2158 sionem
222 2093 453 2174 jurisdictionis
474 2093 521 2154 vel
539 2092 699 2179 beneficii.

129 2193 305 2270 Suspensus
331 2209 348 2250 a
373 2187 596 2269 jurisdictione
632 2188 769 2251 invalide
802 2190 890 2252 illum
924 2198 1061 2270 exercet,

89 2289 266 2351 dummodo
277 2289 317 2350 sit
327 2287 529 2348 denuntiatus
543 2287 763 2365 personaliter.

405 2515 531 2565 Absolutio
543 2515 727 2580 asuspensione
739 2517 785 2578 (1).

81 2691 82 2698 '
129 2697 313 2776 Suspensio,
331 2703 485 2775 quotenus
500 2703 548 2758 est
562 2715 705 2775 censura,
722 2701 844 2762 tollitur
858 2717 915 2778 per
936 2699 1066 2760 absolu·

89 2795 209 2858 tionem
224 2795 263 2856 iis
276 2795 391 2868 modis,
413 2793 526 2874 quibus
540 2797 829 2858 excommunicatio
849 2797 983 2857 deletur.

129 2893 163 2955 Si
174 2892 339 2970 suspensio
353 2892 393 2952 sit
403 2910 498 2970 poena
508 2892 699 2954 vindicativo
711 2893 832 2968 delicti,
853 2892 954 2953 fertur
969 2893 1017 2952 vel
1034 2892 1068 2953 in

89 2994 279 3069 perpetuum
303 2988 351 3048 vel
365 2989 404 3048 ad
417 2995 543 3066 tempus
561 2989 819 3050 determinatum.
840 2989 1012 3066 Suspensio
1028 2991 1066 3051 ad

88 3094 212 3151 certum
221 3093 348 3163 tempus
359 3086 432 3157 lata,
445 3085 552 3164 elapso
566 3092 711 3166 tempore
720 3086 925 3147 exvoluntate
938 3087 1067 3148 serentis

88 3186 222 3268 expirat.
237 3185 333 3244 Poena
343 3187 496 3261 perpetua
508 3181 633 3245 tollitur
646 3199 704 3260 per
715 3183 996 3262 dispensationem.
1149 3253 1151 3262 ,

128 3279 301 3359 Suspensio
317 3297 334 3339 a
345 3279 417 3358 jure
440 3281 503 3341 lata
526 3280 593 3341 sine
608 3280 763 3357 temporis
789 3281 1065 3357 determinatione,

89 3379 208 3458 poterit
222 3377 261 3438 ab
272 3377 430 3456 Episcopo
458 3378 601 3454 relaxari,
633 3378 809 3439 dummodo
835 3396 899 3439 non
913 3379 953 3440 sit
967 3396 1069 3442 reser-

88 3481 168 3537 vata.
184 3475 276 3536 Ratio
291 3480 350 3550 est,
367 3474 441 3554 quia
462 3474 534 3536 talis
553 3474 719 3556 suspensio
744 3493 809 3536 non
829 3482 976 3538 censetur
998 3491 1067 3540 esse

119 3662 154 3722 (ι)
169 3659 399 3720 Schmulzgruober,
415 3657 461 3708 lus
471 3657 676 3722 ecclesiasticum,
689 3660 731 3711 lib.
746 3661 774 3720 V,
785 3659 824 3710 tit.
836 3667 924 3711 xxxix:
