2594 4286
254 319 269 368 2
416 323 571 371 exroslslc
593 322 768 371 harnontca
789 321 872 372 rums
894 322 1050 371 CANONIGI.

612 548 830 604 ARTIGULUS
849 550 863 604 1

565 719 643 759 NOTIO
655 719 750 769 STATUS
764 719 908 760 auctorest.

289 887 393 948 Status
407 879 571 964 religiosus
584 881 651 960 jam
665 879 857 942 innotescit:
881 883 912 941 l⁰
936 897 973 942 ex
996 876 1080 942 illius
1105 875 1213 942 uerni—

250 981 359 1058 tione;
381 986 412 1045 2⁰
425 983 542 1062 exejus
555 977 758 1042 distinctione
773 997 791 1040 a
805 977 928 1041 oaeteris
940 977 1083 1041 statibus.

523 1193 539 1256 5
557 1191 585 1244 1.
607 1219 638 1230 -
654 1190 783 1244 Definitio
799 1191 875 1245 illius
896 1193 943 1256 (l).

248 1374 259 1386 ’“
286 1364 389 1426 Status
403 1359 568 1442 religiosus
581 1359 750 1423 definitur:
767 1362 847 1424 Vitae
861 1379 959 1442 genus
974 1359 1086 1422 stabile
1101 1365 1133 1422 et
1147 1379 1215 1440 per·
1286 1351 1287 1356 ’

245 1459 576 1522 manensfideliumad
589 1459 750 1521 charitatis
762 1459 992 1539 perlectionem
1004 1458 1211 1534 tendentium,
1286 1459 1287 1528 l

244 1557 337 1620 editis
350 1556 428 1619 votis
443 1563 606 1638 perpetuae
626 1555 830 1637 paupertatis,
847 1556 999 1619 castitatis
1017 1562 1048 1618 et
1066 1555 1216 1618 ohedien—
1286 1531 1287 1620 i

149 1717 151 1722 ,
243 1653 307 1730 tiae,
321 1657 378 1718 sub
394 1654 546 1735 obsequio
561 1657 678 1736 regulae
692 1641 883 1730 communis,
897 1655 936 1716 ab
952 1653 1094 1716 Ecclesia
1106 1672 1216 1734 appro-

243 1752 364 1816 hatum.

184 1920 185 1924 ,
282 1849 474 1932 Explicatur.
495 1850 669 1914 -Dicitur
688 1852 719 1914 l⁰
745 1851 818 1913 Vitae
828 1869 918 1932 pecus
930 1847 1034 1912 stabile
1052 1859 1081 1912 et
1088 1870 1216 1932 perma—
1286 1927 1287 1938 2

243 1968 328 2028 aena·
350 1949 452 2030 agitur
469 1949 554 2011 enim
569 1951 610 2012 de
623 1954 705 2012 statu
721 1948 792 2012 vitae
807 1949 985 2013 christianae
1006 1950 1046 2011 ah
1065 1947 1133 2010 aliis
1152 1948 1217 2010 dis-

243 2046 353 2110 tincto.
380 2050 483 2110 Status
498 2047 530 2108 in
545 2051 660 2127 genere
676 2053 722 2108 est
736 2045 858 2108 vivendi
873 2048 1001 2121 modus;
1023 2052 1121 2109 status
1144 2065 1218 2126 pro·
1286 2095 1287 2100 1

242 2144 310 2225 pria
335 2145 437 2208 dictus
467 2144 619 2224 importat
644 2146 815 2224 quamdam
843 2143 1036 2221 firmitatem,
1068 2143 1217 2232 videlicet
1286 2171 1287 2230 a

243 2242 445 2306 stabilitatem
456 2258 597 2306 excausa
612 2261 682 2322 quae
692 2240 899 2304 mutationem
913 2241 1075 2305 dillloilem
1086 2245 1215 2316 reddat3
1286 2243 1287 2318 g

242 2361 271 2404 v.
288 2363 317 2424 g.
332 2349 429 2406 status
448 2340 569 2421 peccati
587 2347 618 2402 et
632 2338 752 2418 gratiae,
773 2345 870 2402 status
885 2339 1040 2404 clericalis
1055 2345 1086 2402 et
1104 2341 1218 2419 conju·
1286 2319 1287 2400 i

243 2439 331 2520 galis.
343 2441 406 2502 vila
420 2438 600 2502 christiana.

282 2538 403 2600 Dicitur
413 2543 444 2599 2⁰
454 2537 598 2598 Fa'deliam
608 2535 648 2598 od
655 2536 1016 2618 eharitatisperfertioaem
1026 2535 1216 2600 tendentium.
1286 2549 1287 2610 l

243 2634 326 2697 Finis
337 2642 434 2697 status
448 2633 598 2716 regularis
609 2633 729 2712 positus
741 2633 829 2696 estin
840 2633 1009 2696 christiana
1020 2633 1217 2713 perfectione

241 2720 444 2812 acquirenda,
461 2751 532 2812 quae
547 2725 727 2813 specialiter
741 2723 912 2794 attenditur
924 2733 1099 2794 seeundum
1114 2731 1218 2793 ohari-

239 2836 349 2893 tatem.
365 2833 414 2892 Ad
430 2848 500 2893 eam
512 2818 684 2910 requiritur
698 2836 726 2903 l⁰
741 2828 881 2892 Charitas
895 2849 967 2910 quae
980 2848 1038 2891 nos
1050 2827 1120 2891 unit
1133 2833 1213 2904 Deo,

239 2927 294 2989 fini
306 2927 418 2991 ultimo
429 2929 579 2991 hominis.
593 2935 625 2990 2⁰
638 2927 808 2992 Peculiaris
823 2929 938 3007 gradus
949 2925 1120 3003 charitatis,
1137 2945 1216 2988 nam
1286 2985 1287 2994 ι

238 3027 348 3096 fideles
361 3046 378 3089 a
389 3032 520 3107 peccato
536 3025 662 3088 mortali
677 3025 834 3088 immunes
849 3044 913 3087 non
926 3030 999 3087 sunt
1014 3042 1124 3087 omnes
1142 3043 1218 3104 per·
1286 2995 1287 3082 i

238 3125 325 3187 loeti.
348 3128 379 3186 3⁰
398 3123 538 3186 Charitas
559 3123 603 3186 ita
623 3123 791 3185 habitualis
807 3129 838 3184 et
856 3121 979 3184 intensa
993 3129 1029 3186 ut
1045 3121 1215 3185 hominem

235 3221 381 3300 proxime
397 3221 544 3302 disponat
562 3225 601 3284 ad
623 3224 782 3303 agendum
796 3219 887 3282 facile
902 3227 933 3282 et
947 3219 1105 3283 ordinarie
1120 3222 1216 3301 juxta

235 3318 291 3380 Dei
307 3325 465 3398 praecepta
479 3326 511 3382 et
525 3319 667 3383 consilia.

273 3417 394 3480 Dicitur
408 3421 440 3480 3ο
454 3417 555 3478 Editio
573 3417 667 3480 tribus
688 3419 772 3496 votis,
790 3424 850 3482 etc.
869 3415 941 3480 Tria
960 3421 1033 3480 vota
1053 3422 1126 3477 sunt
1139 3420 1214 3478 tan·

263 3593 300 3661 (l)
314 3597 541 3660 schmalzgruebar,
553 3597 598 3647 lus
618 3595 821 3659 ecclesiasticum,
833 3599 876 3648 lib.
890 3598 936 3658 ΙΙΙ,
949 3597 988 3646 lit.
1003 3597 1041 3659 tl,
1054 3595 1086 3644 de
1101 3595 1184 3660 llepul
1203 3621 1215 3631 -

230 3674 309 3728 ribus.
