2594 4286
442 315 514 359 rins
536 314 698 360 sanemus.
804 297 806 306 '

92 457 207 520 tinctio
229 462 356 522 constat
378 475 416 519 ex
439 457 577 520 textibus
599 457 683 521 luris
698 464 730 520 et
750 456 892 520 unanimi
915 454 1070 518 sententia

94 559 271 620 Doctorum
286 555 341 639 qui
354 555 493 618 diversos
509 557 640 622 allectus
657 561 729 618 voto
746 555 883 640 simplici
894 561 925 619 et
936 554 1071 620 solemni

95 655 250 717 tribuunt.

131 807 147 868 ἓ
162 805 187 857 t.
204 803 235 856 ln
249 795 306 872 qu'o
320 801 454 858 consistat
466 804 599 858 votorum
611 801 787 858 solemnitas.

131 895 185 956 §2
200 892 245 946 An
258 893 390 947 votorum
401 891 567 948 solemnitas
582 892 619 947 sit
633 890 668 946 de
682 891 804 948 essentia
815 893 904 948 status
916 889 1053 962 religiosi.

132 985 148 1049 ς
162 983 188 1038 3.
202 982 405 1040 lustitutorum
418 978 505 1038 variae
515 979 624 1052 species
635 979 747 1036 ratione
761 983 905 1037 votorum.

223 1183 276 1248 §1-
289 1211 321 1222 -
330 1182 363 1236 In
374 1195 428 1249 quo
438 1183 576 1236 consistat
586 1187 714 1238 votorum
726 1182 890 1238 solemnitas
903 1186 947 1247 (t).

137 1357 173 1417 Id
197 1361 438 1418 controversum
452 1354 521 1418 fuit.
538 1357 614 1418 Tres
628 1362 701 1418 sunt
718 1332 895 1418 sententis.

138 1456 162 1515 Ι.
176 1453 282 1514 Prima
292 1451 459 1522 sententia,
469 1473 540 1532 qnae
550 1453 781 1516 solemnitatem
791 1455 917 1534 reponit
927 1453 960 1514 in
971 1447 1077 1534 aliquo

100 1547 163 1608 ritu
189 1546 401 1623 benedictionis,
427 1547 621 1612 contutatur.
650 1546 817 1610 Distinctio
839 1553 986 1609 votorum
1013 1565 1078 1610 non

100 1645 200 1708 oritur
211 1643 365 1723 abaliqua
379 1643 612 1716 benedictione,
627 1646 730 1708 sedab
740 1645 1079 1724 ellectumoraliquem

99 1741 250 1822 producit
276 1748 385 1804 votum
411 1745 562 1819 solemne,
592 1760 665 1804 nam
692 1743 831 1805 existunt
851 1740 1021 1820 religiones
1045 1743 1078 1802 in

101 1840 216 1919 quibus
231 1839 421 1903 emittuntur
435 1845 506 1902 rota
523 1829 689 1916 solemnia,
706 1841 784 1923 quin
797 1842 879 1904 ullus
890 1839 1079 1902 adhiheatur

102 1933 179 1998 ritus
194 1936 441 1999 benedictionis.
1025 2010 1027 2014 Ι

4 2115 6 2117 ¹
138 2037 298 2098 ILAltera
309 2036 464 2098 sententia
475 2032 545 2096 eain
555 2035 721 2115 reponitin
731 2037 888 2098 traditione
898 2053 1080 2116 quarevens

101 2137 220 2196 Decet
242 2131 347 2195 ordini
370 2131 519 2212 religioso
543 2150 576 2195 sc
603 2133 712 2196 donat.
734 2133 888 2214 Rejicitur
910 2133 950 2195 ob
973 2133 1080 2213 plures

101 2231 251 2294 rationes.
270 2235 301 2292 l⁰
316 2230 348 2294 Si
363 2230 547 2294 solemnitas
564 2231 753 2294 consisteret
768 2232 800 2292 in
816 2229 997 2306 traditione,
1016 2249 1082 2293 non

101 2335 211 2410 posset
233 2347 301 2390 esse
316 2336 425 2391 votum
447 2329 582 2408 simplex
602 2331 729 2410 quando
748 2329 919 2392 intervenit
932 2327 1079 2404 traditio;

102 2417 190 2505 atqui
210 2427 339 2488 traditio
359 2425 526 2488 intervenit
537 2427 571 2487 in
593 2428 673 2489 votis
695 2426 957 2490 scholasticorum
973 2426 1083 2488 Socie-

102 2519 271 2596 tatislesu,
286 2527 432 2582 ettamen
443 2528 552 2583 votum
565 2530 708 2585 remanet
725 2523 869 2602 simplex.
886 2557 926 2566 -
940 2525 971 2584 2⁰
987 2521 1019 2584 Si
1032 2541 1082 2584 so-

102 2619 250 2682 lemnitas
265 2620 451 2681 consisteret
470 2619 502 2680 in
517 2621 699 2697 traditione,
714 2627 796 2684 esset
806 2621 884 2700 juris
904 2619 1013 2694 divini,
1028 2639 1083 2682 seu

102 2717 284 2780 necessario
298 2717 614 2796 alligatatraditioni3
634 2721 720 2800 atqui
740 2726 843 2782 textus
854 2717 934 2798 juris
948 2718 1085 2798 probant

103 2834 173 2878 eam
183 2833 251 2876 esse
262 2815 468 2878 institutionis
483 2817 714 2880 ecclesiasticae.
724 2851 765 2865 -
774 2821 805 2878 3ο
814 2814 939 2878 Moralis
953 2815 1082 2878 effectus

102 2914 168 2978 voti
193 2913 344 2976 solemnis
366 2933 432 2976 non
447 2917 590 2994 procedit
614 2935 631 2978 a
660 2919 726 2977 sola
741 2917 903 2978 voluntate
927 2915 1079 2976 voventis.

106 3015 209 3075 Homo
228 3031 285 3092 per
308 3031 340 3074 se
363 3014 466 3074 solum
490 3013 602 3094 nequit
625 3032 657 3077 se
683 3013 857 3076 inhabilem
883 3012 1018 3074 reddere
1043 3013 1083 3076 ad

106 3109 477 3173 validecontrahendum.

144 3209 195 3270 ΙΙΙ.
213 3208 398 3270 Communis
412 3207 568 3270 sententia
582 3209 769 3271 vindicatur.
786 3240 824 3254 -
836 3209 866 3268 1⁰
880 3211 943 3270 lsta
958 3215 1083 3272 sentcn-

107 3303 149 3366 tia
159 3303 395 3368 solemnitatem
407 3303 471 3366 voti
487 3304 613 3382 reponit
629 3304 658 3364 in
675 3305 857 3387 dispositione
869 3305 1021 3380 Ecclesioe,
1037 3307 1081 3368 ita

107 3399 300 3480 acceptantis
320 3399 411 3477 illud,
439 3404 474 3462 ut
497 3401 619 3462 seclusa
643 3399 877 3480 dispensatione
907 3402 1082 3482 apostolica

135 3577 169 3640 (l)
181 3575 468 3636 schmalzgrueber,·dus
485 3573 689 3641 ecclesiasticum,
701 3579 743 3629 lib.
765 3578 807 3640 ΙΙΙ,
821 3579 861 3630 tit.
878 3581 906 3628 tl
920 3575 951 3624 de
967 3573 1034 3624 Volo.
1050 3599 1082 3613 -

108 3656 191 3718 ltouix,
202 3655 234 3706 de
248 3653 424 3719 deputaretur,
437 3661 497 3705 sect.
510 3654 551 3706 ΙΙΙ.
887 3660 890 3668 ‘
