2594 4286
202 316 235 364 st
358 315 513 362 uxroslrlo
535 313 710 360 uurnoulcn
731 313 813 358 Juuls
834 313 989 359 canonici.

239 432 328 497 Ratio
360 451 427 511 our,
453 451 518 494 non
537 432 681 493 obstante
699 436 854 510 potestate
870 438 1011 510 paterna,
1038 432 1177 493 infantes

199 550 258 594 usu
273 531 402 594 rationis
421 548 553 610 capaces
576 531 644 591 solo
670 530 815 608 ipsorum
841 547 999 593 consensu
1022 531 1176 610 baptizari

199 629 331 708 possint,
348 636 395 691 est
408 629 481 708 quia
496 630 546 690 lex
565 628 670 689 divina
681 627 832 706 baptismi
858 634 997 708 paterna
1026 630 1176 709 potestati

198 727 292 804 longe
307 728 466 805 praevalet.

237 825 266 886 Ξ.
286 826 349 886 Sua
363 830 475 905 sponte
490 830 521 887 et
535 823 634 886 libere
650 824 843 902 baptismum
858 823 1030 902 implorare
1043 823 1173 899 debent,

177 975 181 984 .
199 920 283 1000 quia,
305 927 341 983 ut
354 922 398 983 ait
413 923 449 984 S.
466 922 670 1000 Augustinus,
691 940 705 976 n
715 919 755 980 ad
765 919 854 1001 fidem
866 919 964 980 nullus
978 920 1122 1001 copendus
1133 929 1178 981 eat

199 1019 331 1095 invitus;
343 1041 357 1076 r
379 1023 411 1080 et
423 1019 596 1080 concilium
619 1018 805 1080 Toletanum
824 1019 865 1080 IV
879 1018 977 1079 relate
992 1018 1031 1078 ad
1046 1019 1063 1080 J
1067 1019 1176 1080 udacos

197 1107 367 1196 praecipit:
389 1116 541 1176 «Nemini
564 1116 602 1175 ad
632 1115 829 1176 credendum
855 1115 917 1176 vim
933 1115 1088 1186 inferri...
1105 1117 1176 1176 Non

145 1215 150 1224 ‘
200 1215 285 1277 enim
300 1214 378 1274 tales
392 1213 480 1273 inviti
493 1213 632 1274 salvandi
646 1217 729 1287 sunt,
744 1213 799 1274 sed
814 1213 966 1274 volentes.
984 1235 998 1271 r
1014 1213 1094 1274 Item
1107 1214 1178 1274 Gle-

198 1331 287 1374 mens
300 1303 342 1373 ΙΙΙ
356 1310 550 1391 principium
563 1310 799 1388 pronuntiavit:
821 1331 835 1367 n
857 1310 973 1372 Christi
999 1312 1098 1372 fidem
1119 1311 1177 1370 ha-

200 1409 274 1472 bere
289 1427 354 1470 non
372 1409 523 1483 creditur,
541 1407 595 1486 qui
613 1409 652 1468 ad
669 1407 912 1468 christianorum
932 1408 1090 1488 baptisma
1111 1426 1176 1469 non

189 1511 402 1587 spontaneus,
415 1505 470 1566 sed
484 1493 598 1568 invitus
613 1504 736 1584 cogitur
750 1505 916 1584 pervenire
929 1505 983 1585 (t).
997 1527 1011 1564 r

239 1606 319 1667 Huic
334 1603 492 1684 principio
509 1602 610 1682 praxis
624 1604 775 1665 Ecclesiae.
787 1603 960 1665 conformis
974 1609 1031 1665 est.

238 1705 268 1764 3.
291 1701 407 1764 Motiva
440 1702 577 1781 denique
609 1701 762 1781 baptizari
782 1700 956 1762 volentium
982 1700 1178 1779 exploranda

200 1817 279 1875 esse,
294 1806 364 1862 tum
378 1817 436 1878 per
455 1816 486 1860 se
503 1799 613 1878 liquet,
629 1805 698 1861 tum
717 1816 736 1859 a
756 1797 929 1860 Benedicta
942 1800 1011 1861 XIV
1025 1798 1059 1858 in
1082 1797 1177 1859 citata

198 1897 423 1961 constitutione
437 1897 624 1959 inculcatur.

240 1996 363 2057 Rituale
384 2011 551 2056 romanum
573 1994 681 2056 statuit
702 2015 709 2055 :
730 2016 744 2052 n
765 1995 797 2057 Si
816 1996 887 2075 quis
904 1995 1029 2055 adultus
1043 1993 1084 2056 sit
1098 1993 1177 2073 bap-

199 2095 354 2168 tizandus,
368 2094 463 2155 debet
475 2093 561 2173 prius
575 2094 750 2155 secundum
763 2093 970 2170 apostolicam
983 2093 1126 2172 regulam
1142 2093 1176 2152 in

170 2248 182 2276 ‚
200 2192 372 2254 christiana
386 2193 449 2253 tide
470 2209 505 2254 ac
528 2193 644 2254 sanctis
658 2191 801 2252 moribus
816 2192 984 2277 diligenter
1002 2191 1126 2261 instrui,
1144 2193 1177 2252 et

200 2303 257 2369 per
279 2290 400 2368 aliquot
421 2288 488 2349 dies
510 2288 543 2349 in
566 2290 714 2368 operibus
735 2289 860 2369 pietatis
875 2289 1024 2365 exerceri,
1046 2289 1176 2368 ejusque

200 2387 343 2448 voluntas
372 2391 403 2447 et
426 2386 626 2464 propositum
654 2387 768 2465 sapius
794 2387 961 2465 explorari,
988 2390 1019 2447 et
1047 2383 1175 2446 nonnisi

201 2485 304 2546 sciens
319 2488 350 2546 et
363 2486 470 2545 volens
484 2483 646 2564 probeque
660 2486 832 2546 instructus
848 2483 1017 2562 baptizari.
1034 2505 1049 2540 n

240 2581 333 2644 Initio
361 2580 528 2654 Ecclesiae,
555 2581 643 2642 nulla
663 2582 849 2662 interposita
872 2599 971 2655 mora,
998 2581 1175 2659 baptismus

201 2678 269 2740 dari
297 2676 496 2739 consuevisse
526 2669 650 2739 videtur
685 2696 759 2740 cum
784 2695 858 2740 eum
882 2683 1084 2757 suscepturus
1109 2677 1176 2756 jam

201 2775 275 2838 satis
296 2759 498 2855 patefecisset
524 2777 779 2854 suumanimum
805 2775 932 2854 pietatis
957 2779 988 2835 et
1013 2774 1175 2853 religionis

200 2876 341 2953 plenum,
374 2873 512 2951 fideique
538 2873 687 2952 mysteria
717 2873 920 2952 percepisset.
948 2873 1176 2958 Verumtamen

201 2987 274 3032 oum
304 2969 521 3049 experimento
549 2971 641 3047 plane
664 2974 986 3051 compertumesset‚
1011 2987 1076 3030 non
1101 2968 1176 3030 satis

200 3071 301 3128 tutam
327 3084 394 3128 esse
415 3067 511 3128 tidem
536 3085 661 3142 eorum,
689 3068 833 3148 quisine
858 3068 1001 3129 examine
1013 3066 1174 3147 baptismo

202 3163 309 3226 donati
327 3165 460 3240 fuerant,
483 3165 646 3228 institutus
668 3152 716 3228 est
735 3167 1026 3251 catechumenatu,
1049 3171 1085 3227 ut
1107 3165 1176 3226 sin·

201 3263 348 3342 guiorum
372 3263 449 3323 fides
472 3269 503 3328 et
521 3264 590 3350 ¹vita
614 3264 783 3344 diligenter
805 3262 1006 3342 probaretur.
1033 3262 1175 3325 Habebat

201 3365 306 3422 autern
322 3359 600 3423 catechumenatus
613 3367 677 3424 tres
697 3368 750 3423 aut
763 3366 898 3441 quatuor
914 3361 1028 3440 gradus
1041 3359 1174 3440 (audien-

202 3458 286 3534 tium,
296 3455 556 3538 malleacensem,
570 3463 601 3520 et
607 3459 826 3538 competentium
837 3459 900 3518 sive
909 3457 1086 3536 electorum),
1095 3476 1175 3536 qrros

233 3601 266 3664 (1)
281 3602 306 3651 S.
318 3599 459 3662 Augustini,
471 3613 514 3663 ep.
532 3602 564 3652 ad
586 3571 699 3654 tineent.
717 3607 756 3655 m.
766 3629 792 3641 ·-
810 3603 869 3656 Can.
882 3616 907 3664 v,
918 3601 976 3654 diss.
990 3603 1062 3653 XLV.
1078 3627 1109 3640 -
1131 3602 1177 3650 De·

202 3680 334 3732 metalium
348 3681 392 3732 lib.
409 3679 439 3741 V.
454 3680 493 3730 tit.
511 3694 613 3744 v1‚cap.
626 3697 658 3734 rx.
1122 3685 1131 3708 ¹

765 4053 1183 4234 κ,Δη
