2604 4264
299 285 348 331 182
465 279 621 326 EXPOSITIO
644 278 819 325 uoruomcn
840 278 922 324 imus
943 276 1104 323 cartorum.

334 402 358 462 Ι.
371 397 423 460 Ad
435 417 539 458 munus
550 395 702 478 spirituale
713 396 798 476 quod
823 394 947 469 attinet,
965 395 1043 454 sede
1055 396 1179 456 vacante
1205 395 1248 455 ad·
1278 379 1279 440 ἶ

297 497 487 560 ministratio
501 494 691 556 dioecesium
700 493 847 571 capitulis
862 491 1092 556 committitur.
1278 479 1279 560 Ῑ

336 595 469 656 Ratione
482 592 714 672 parochiarum,
732 609 770 653 ex
785 592 914 652 decreto
935 587 1068 652 concilii
1082 586 1279 662 Tridentini

295 693 482 771 Episcopus,
510 689 616 751 hahita
648 689 759 751 notitia
784 687 953 750 vacationis
975 687 1145 766 eujusdam
1167 687 1279 746 eccle

293 791 346 852 siae
365 789 566 868 parochialis,
591 788 769 850 idoneum
760 805 794 848 ru
809 805 845 849 ea
858 785 1017 848 vicarium
1037 803 1094 846 seu
1116 783 1279 845 adminis

294 893 445 950 tratorem
467 902 542 948 curn
561 885 772 964 assignatione
795 884 952 964 portionis
972 885 1061 945 fruct
1062 899 1138 943 uum
1150 899 1213 943 cons
1203 881 1242 941 sti-

294 986 358 1047 tuit
373 982 427 1063 (t)

318 1083 371 1142 Ι.Ι
387 1081 432 1142 De
439 1080 589 1161 fructibus
605 1083 751 1159 tempore
759 1079 933 1143 vacationis
950 1075 1187 1141 obvenientibus
1197 1075 1240 1138 tria

293 1183 503 1255 quaeruntur:
1278 1183 1279 1248 j

339 1279 366 1337 Ι
392 1276 561 1353 Quousque
588 1274 756 1336 beneficiat
742 1279 793 1336 tus
822 1277 993 1337 translatus
1021 1273 1121 1354 possit
1143 1273 1279 1333 fructus

294 1373 411 1451 prioris
424 1372 566 1433 ecclesiae
577 1373 768 1450 percipere?
789 1373 974 1451 Episcopot
960 1373 1112 1434 translato
1125 1369 1229 1431 iicete
1206 1386 1238 1428 re·

295 1471 380 1530 ditus
394 1468 509 1547 prioris
521 1469 663 1531 ecciesiae
683 1469 841 1550 accipere,
851 1469 960 1533 ¹donec
976 1489 1044 1531 suae
1059 1466 1238 1531 translationis

294 1567 516 1627 testimonium
529 1563 676 1646 accipiat.

332 1663 516 1725 Beneficiati
535 1663 672 1726 minores
687 1665 868 1745 percipiunt
890 1667 1014 1729 fructus
1040 1663 1150 1744 prioris
1160 1660 1232 1731 tituli,

291 1776 455 1838 quousque
466 1762 699 1840 possessionem
714 1763 786 1825 novi
800 1762 947 1824 beneficii
960 1763 1104 1824 inierint.

331 1860 360 1916 2.
373 1859 420 1918 Ad
436 1877 515 1936 quos
528 1859 707 1937 pertineant
718 1861 838 1922 fructus
850 1860 999 1922 beneficii
1013 1865 1154 1936 tempore
1166 1869 1230 1914 raca·

290 1949 408 2011 tionis?
432 1952 605 2014 OEconomi
618 1953 800 2032 percipiunt
820 1955 941 2015 tructus
953 1951 1102 2014 beneficii
1111 1944 1229 2016 vacantis,

291 2064 407 2126 eosque
423 2050 472 2111 vel
485 2050 518 2110 in
533 2051 740 2113 ecclesiarum
760 2051 929 2113 utilitatem
942 2051 1133 2130 expendunt,
1146 2041 1234 2106 veliu-

289 2145 368 2205 toris
386 2147 623 2209 successoribus
640 2154 813 2212 reservant.

330 2243 360 2302 3.
377 2243 568 2314 Quomodoi
566 2251 637 2308 root
623 2246 892 2309 theocticiiussin
893 2234 1279 2390 tdividendiinterprio

290 2355 358 2400 rem
370 2339 591 2418 titularem
559 2348 674 2422 eJus
687 2342 1068 2422 successoremtuupun
1080 2331 1229 2400 retrone

289 2436 354 2497 vidi
383 2443 541 2516 possunt:
561 2441 609 2502 vel
634 2443 851 2520 praedecessor
874 2440 989 2503 retinet
1018 2441 1120 2501 solum
1137 2433 1229 2494 fructus
1278 2441 1279 2512 ξ

289 2539 468 2613 perceptos,
484 2541 515 2598 et
526 2537 648 2599 fructus
656 2539 801 2600 nondum
815 2539 956 2617 percepti
970 2537 1127 2616 pertinent
1137 2531 1170 2591 ad
1177 2541 1228 2586 suc·
1278 2543 1279 2606 π

293 2648 468 2706 cessorem3
497 2634 545 2694 vei
561 2634 681 2694 fructus
709 2636 884 2713 pendentes
910 2636 1094 2697 dividuntur
1113 2625 1230 2709 prorata

290 2735 379 2808 parte
390 2729 544 2808 temporis
557 2729 805 2810 uniuscujusque
815 2733 1023 2810 possessionis
1036 2731 1116 2792 intra
1126 2733 1241 2786 annun..
1278 2739 1279 2786 3

691 2961 819 3025 CAPUT
841 2963 882 3028 iv

641 3123 697 3174 De
718 3123 910 3177 taurinis.

322 3274 386 3330 Anr.
408 3278 428 3331 i.
466 3278 505 3332 De
517 3279 646 3350 personis
666 3295 684 3336 a
705 3280 812 3351 quibus
824 3279 900 3338 bona
914 3279 1101 3336 ecclesiarum
1118 3262 1228 3330 adminis·
1278 3283 1279 3354 p

287 3366 412 3421 trantur.

321 3457 385 3508 Aru.
408 3455 439 3508 u.
464 3455 503 3510 De
515 3455 600 3512 modo
614 3457 836 3524 administrandi
850 3459 979 3517 ecclesiae
991 3455 1141 3532 peculium.

316 3606 422 3667 (t)Soss.
436 3603 521 3664 XXIV,
536 3601 568 3652 de
584 3607 703 3672 Reform„
716 3603 772 3672 cap.
794 3626 865 3663 xvur.
