<?xml version="1.0" encoding="UTF-8"?>
<!DOCTYPE html PUBLIC "-//W3C//DTD XHTML 1.0 Transitional//EN"
    "http://www.w3.org/TR/xhtml1/DTD/xhtml1-transitional.dtd">
<html xmlns="http://www.w3.org/1999/xhtml" xml:lang="en" lang="en">
 <head>
  <title>
</title>
<meta http-equiv="Content-Type" content="text/html;charset=utf-8" />
  <meta name='ocr-system' content='tesseract 3.04.00' />
  <meta name='ocr-capabilities' content='ocr_page ocr_carea ocr_par ocr_line ocrx_word'/>
</head>
<body>
  <div class='ocr_page' id='page_1' title='image "./expositiomethod01hugugoog_0024.png"; bbox 0 0 2594 4286; ppageno 0'>
   <div class='ocr_carea' id='block_1_1' title="bbox 469 259 1082 342">
    <p class='ocr_par' dir='ltr' id='par_1_1' title="bbox 469 259 1082 342">
     <span class='ocr_line' id='line_1_1' title="bbox 469 259 1082 342; baseline 0.003 -16"><span class='ocrx_word' id='word_1_1' title='bbox 469 282 542 342; x_wconf 80' lang='lat' dir='ltr'>raps</span> <span class='ocrx_word' id='word_1_2' title='bbox 564 259 727 328; x_wconf 80' lang='lat' dir='ltr'>srhcrrirs.</span> <span class='ocrx_word' id='word_1_3' title='bbox 1008 281 1012 288; x_wconf 91' lang='lat'>·</span> <span class='ocrx_word' id='word_1_4' title='bbox 1049 261 1082 328; x_wconf 68' lang='lat' dir='ltr'>ri</span> 
     </span>
    </p>
   </div>
   <div class='ocr_carea' id='block_1_2' title="bbox 99 393 1115 3694">
    <p class='ocr_par' dir='ltr' id='par_1_2' title="bbox 103 393 1084 760">
     <span class='ocr_line' id='line_1_2' title="bbox 147 393 1083 478; baseline 0.011 -26"><span class='ocrx_word' id='word_1_5' title='bbox 147 393 178 452; x_wconf 79' lang='grc' dir='ltr'>1ο</span> <span class='ocrx_word' id='word_1_6' title='bbox 191 393 319 454; x_wconf 85' lang='lat' dir='ltr'>Falsum</span> <span class='ocrx_word' id='word_1_7' title='bbox 338 397 386 456; x_wconf 90' lang='lat' dir='ltr'>est</span> <span class='ocrx_word' id='word_1_8' title='bbox 400 397 573 478; x_wconf 78' lang='lat' dir='ltr'><strong>scriptores</strong></span> <span class='ocrx_word' id='word_1_9' title='bbox 592 395 825 461; x_wconf 90' lang='lat' dir='ltr'>ecclesiasticos</span> <span class='ocrx_word' id='word_1_10' title='bbox 837 413 905 458; x_wconf 91' lang='lat' dir='ltr'>esse</span> <span class='ocrx_word' id='word_1_11' title='bbox 918 399 1083 462; x_wconf 89' lang='lat' dir='ltr'>unanimes</span> 
     </span>
     <span class='ocr_line' id='line_1_3' title="bbox 103 489 1081 576; baseline 0.012 -28"><span class='ocrx_word' id='word_1_12' title='bbox 103 489 136 548; x_wconf 94' lang='lat' dir='ltr'>in</span> <span class='ocrx_word' id='word_1_13' title='bbox 149 493 295 570; x_wconf 87' lang='lat' dir='ltr'>neganda</span> <span class='ocrx_word' id='word_1_14' title='bbox 313 498 410 554; x_wconf 90' lang='lat' dir='ltr'>status</span> <span class='ocrx_word' id='word_1_15' title='bbox 430 497 570 576; x_wconf 84' lang='lat' dir='ltr'>religiosi</span> <span class='ocrx_word' id='word_1_16' title='bbox 585 495 752 559; x_wconf 80' lang='lat' dir='ltr'>existentia</span> <span class='ocrx_word' id='word_1_17' title='bbox 767 499 838 556; x_wconf 89' lang='lat' dir='ltr'>ante</span> <span class='ocrx_word' id='word_1_18' title='bbox 864 511 896 556; x_wconf 81' lang='lat' dir='ltr'>iv</span> <span class='ocrx_word' id='word_1_19' title='bbox 917 498 1081 560; x_wconf 84' lang='lat' dir='ltr'>saeculum.</span> 
     </span>
     <span class='ocr_line' id='line_1_4' title="bbox 103 589 1084 672; baseline 0.009 -24"><span class='ocrx_word' id='word_1_20' title='bbox 103 589 195 649; x_wconf 90' lang='lat' dir='ltr'>Multi</span> <span class='ocrx_word' id='word_1_21' title='bbox 204 592 591 657; x_wconf 86' lang='lat' dir='ltr'>sententiamcontrariam</span> <span class='ocrx_word' id='word_1_22' title='bbox 602 599 721 670; x_wconf 89' lang='lat' dir='ltr'>tenent,</span> <span class='ocrx_word' id='word_1_23' title='bbox 737 612 764 654; x_wconf 91' lang='lat' dir='ltr'>v.</span> <span class='ocrx_word' id='word_1_24' title='bbox 775 610 805 672; x_wconf 79' lang='lat' dir='ltr'>g.</span> <span class='ocrx_word' id='word_1_25' title='bbox 815 593 938 671; x_wconf 89' lang='lat' dir='ltr'>Suarez,</span> <span class='ocrx_word' id='word_1_26' title='bbox 956 596 989 656; x_wconf 90' lang='lat' dir='ltr'>S.</span> <span class='ocrx_word' id='word_1_27' title='bbox 1004 596 1084 657; x_wconf 83' lang='lat' dir='ltr'>&#39;lho-</span> 
     </span>
     <span class='ocr_line' id='line_1_5' title="bbox 103 683 490 760; baseline 0.023 -15"><span class='ocrx_word' id='word_1_28' title='bbox 103 704 183 760; x_wconf 91' lang='lat' dir='ltr'>mas,</span> <span class='ocrx_word' id='word_1_29' title='bbox 204 683 444 756; x_wconf 62' lang='lat' dir='ltr'>&amp;bernardus</span> <span class='ocrx_word' id='word_1_30' title='bbox 484 683 490 694; x_wconf 78' lang='grc'><em>’</em></span> 
     </span>
    </p>

    <p class='ocr_par' dir='ltr' id='par_1_3' title="bbox 103 788 1115 1045">
     <span class='ocr_line' id='line_1_6' title="bbox 145 788 1115 869; baseline 0.005 -24"><span class='ocrx_word' id='word_1_31' title='bbox 145 789 177 846; x_wconf 73' lang='lat'>2⁰</span> <span class='ocrx_word' id='word_1_32' title='bbox 195 788 343 866; x_wconf 86' lang='lat' dir='ltr'>Plerique</span> <span class='ocrx_word' id='word_1_33' title='bbox 359 805 470 850; x_wconf 90' lang='lat' dir='ltr'>eorum</span> <span class='ocrx_word' id='word_1_34' title='bbox 484 792 539 868; x_wconf 88' lang='lat' dir='ltr'>qui</span> <span class='ocrx_word' id='word_1_35' title='bbox 564 792 699 853; x_wconf 85' lang='lat' dir='ltr'>credunt</span> <span class='ocrx_word' id='word_1_36' title='bbox 712 790 923 867; x_wconf 80' lang='lat' dir='ltr'>Therapeutas</span> <span class='ocrx_word' id='word_1_37' title='bbox 934 789 1085 869; x_wconf 86' lang='lat' dir='ltr'>aegyptia-</span> <span class='ocrx_word' id='word_1_38' title='bbox 1108 803 1115 818; x_wconf 84' lang='lat'>&#39;</span> 
     </span>
     <span class='ocr_line' id='line_1_7' title="bbox 103 885 1083 964; baseline 0.008 -22"><span class='ocrx_word' id='word_1_39' title='bbox 103 899 160 942; x_wconf 89' lang='lat' dir='ltr'>cos</span> <span class='ocrx_word' id='word_1_40' title='bbox 173 885 327 963; x_wconf 91' lang='lat' dir='ltr'>temporis</span> <span class='ocrx_word' id='word_1_41' title='bbox 345 887 512 963; x_wconf 90' lang='lat' dir='ltr'>apostolici</span> <span class='ocrx_word' id='word_1_42' title='bbox 528 889 623 949; x_wconf 89' lang='lat' dir='ltr'>fuisse</span> <span class='ocrx_word' id='word_1_43' title='bbox 639 888 838 964; x_wconf 89' lang='lat' dir='ltr'>christianos,</span> <span class='ocrx_word' id='word_1_44' title='bbox 854 888 950 949; x_wconf 90' lang='lat' dir='ltr'>etiam</span> <span class='ocrx_word' id='word_1_45' title='bbox 971 905 1083 950; x_wconf 87' lang='lat' dir='ltr'>mona-</span> 
     </span>
     <span class='ocr_line' id='line_1_8' title="bbox 104 980 452 1045; baseline 0.017 -6"><span class='ocrx_word' id='word_1_46' title='bbox 104 980 183 1040; x_wconf 91' lang='lat' dir='ltr'>chos</span> <span class='ocrx_word' id='word_1_47' title='bbox 198 982 294 1044; x_wconf 87' lang='lat' dir='ltr'>luisse</span> <span class='ocrx_word' id='word_1_48' title='bbox 307 985 452 1045; x_wconf 91' lang='lat' dir='ltr'>credunt.</span> 
     </span>
    </p>

    <p class='ocr_par' dir='ltr' id='par_1_4' title="bbox 104 1079 1082 1356">
     <span class='ocr_line' id='line_1_9' title="bbox 144 1079 1082 1162; baseline 0.006 -24"><span class='ocrx_word' id='word_1_49' title='bbox 144 1079 176 1138; x_wconf 88' lang='lat'>3⁰</span> <span class='ocrx_word' id='word_1_50' title='bbox 191 1080 271 1140; x_wconf 86' lang='lat' dir='ltr'>Vere</span> <span class='ocrx_word' id='word_1_51' title='bbox 285 1081 425 1160; x_wconf 78' lang='lat' dir='ltr'>religiosi</span> <span class='ocrx_word' id='word_1_52' title='bbox 441 1084 569 1145; x_wconf 87' lang='lat' dir='ltr'>fuerunt</span> <span class='ocrx_word' id='word_1_53' title='bbox 581 1083 677 1162; x_wconf 92' lang='lat' dir='ltr'>primi</span> <span class='ocrx_word' id='word_1_54' title='bbox 691 1084 800 1144; x_wconf 88' lang='lat' dir='ltr'>fideles</span> <span class='ocrx_word' id='word_1_55' title='bbox 815 1081 907 1142; x_wconf 91' lang='lat' dir='ltr'>multi</span> <span class='ocrx_word' id='word_1_56' title='bbox 930 1081 1082 1144; x_wconf 82' lang='lat' dir='ltr'>Ecclesiae</span> 
     </span>
     <span class='ocr_line' id='line_1_10' title="bbox 104 1176 1082 1260; baseline 0.011 -26"><span class='ocrx_word' id='word_1_57' title='bbox 104 1176 293 1236; x_wconf 85' lang='lat' dir='ltr'>Jerusalem.</span> <span class='ocrx_word' id='word_1_58' title='bbox 311 1179 356 1238; x_wconf 91' lang='lat' dir='ltr'>Ea</span> <span class='ocrx_word' id='word_1_59' title='bbox 381 1183 447 1240; x_wconf 90' lang='lat' dir='ltr'>erat</span> <span class='ocrx_word' id='word_1_60' title='bbox 470 1179 631 1259; x_wconf 85' lang='lat' dir='ltr'>persuasio</span> <span class='ocrx_word' id='word_1_61' title='bbox 655 1183 786 1241; x_wconf 84' lang='lat' dir='ltr'>Petrum</span> <span class='ocrx_word' id='word_1_62' title='bbox 806 1197 838 1241; x_wconf 87' lang='lat' dir='ltr'>1v</span> <span class='ocrx_word' id='word_1_63' title='bbox 861 1179 980 1254; x_wconf 75' lang='lat' dir='ltr'>saeculi,</span> <span class='ocrx_word' id='word_1_64' title='bbox 1002 1198 1031 1242; x_wconf 88' lang='lat' dir='ltr'>v.</span> <span class='ocrx_word' id='word_1_65' title='bbox 1050 1199 1082 1260; x_wconf 81' lang='lat' dir='ltr'>g.</span> 
     </span>
     <span class='ocr_line' id='line_1_11' title="bbox 104 1271 783 1356; baseline 0.006 -23"><span class='ocrx_word' id='word_1_66' title='bbox 104 1271 135 1334; x_wconf 89' lang='lat' dir='ltr'>S.</span> <span class='ocrx_word' id='word_1_67' title='bbox 152 1275 330 1352; x_wconf 83' lang='lat' dir='ltr'>Augustini,</span> <span class='ocrx_word' id='word_1_68' title='bbox 343 1273 571 1355; x_wconf 72' lang='lat' dir='ltr'>chrysostomi,</span> <span class='ocrx_word' id='word_1_69' title='bbox 586 1277 783 1356; x_wconf 85' lang='lat' dir='ltr'>Hieronymi.</span> 
     </span>
    </p>

    <p class='ocr_par' dir='ltr' id='par_1_5' title="bbox 100 1371 1084 2232">
     <span class='ocr_line' id='line_1_12' title="bbox 141 1371 1081 1452; baseline 0.006 -22"><span class='ocrx_word' id='word_1_70' title='bbox 141 1373 175 1430; x_wconf 68' lang='lat'>4⁰</span> <span class='ocrx_word' id='word_1_71' title='bbox 185 1371 335 1450; x_wconf 85' lang='lat' dir='ltr'>Religiosi</span> <span class='ocrx_word' id='word_1_72' title='bbox 347 1373 473 1433; x_wconf 84' lang='lat' dir='ltr'>fuerunt</span> <span class='ocrx_word' id='word_1_73' title='bbox 488 1373 588 1450; x_wconf 84' lang='lat' dir='ltr'>tribus</span> <span class='ocrx_word' id='word_1_74' title='bbox 597 1373 757 1452; x_wconf 88' lang='lat' dir='ltr'>prioribus</span> <span class='ocrx_word' id='word_1_75' title='bbox 771 1371 895 1435; x_wconf 78' lang='lat' dir='ltr'>sae&#39;culis</span> <span class='ocrx_word' id='word_1_76' title='bbox 911 1373 957 1435; x_wconf 90' lang='lat' dir='ltr'>illi</span> <span class='ocrx_word' id='word_1_77' title='bbox 972 1375 1081 1436; x_wconf 86' lang='lat' dir='ltr'>fideles</span> 
     </span>
     <span class='ocr_line' id='line_1_13' title="bbox 102 1467 1080 1551; baseline 0.005 -25"><span class='ocrx_word' id='word_1_78' title='bbox 102 1467 156 1545; x_wconf 92' lang='lat' dir='ltr'>qui</span> <span class='ocrx_word' id='word_1_79' title='bbox 167 1469 270 1530; x_wconf 79' lang='lat' dir='ltr'>vocati</span> <span class='ocrx_word' id='word_1_80' title='bbox 280 1475 354 1530; x_wconf 90' lang='lat' dir='ltr'>sunt</span> <span class='ocrx_word' id='word_1_81' title='bbox 367 1469 488 1545; x_wconf 83' lang='lat' dir='ltr'>Aseetoe,</span> <span class='ocrx_word' id='word_1_82' title='bbox 506 1471 628 1532; x_wconf 89' lang='lat' dir='ltr'>scilicet</span> <span class='ocrx_word' id='word_1_83' title='bbox 640 1471 822 1550; x_wconf 88' lang='lat' dir='ltr'>philosophi</span> <span class='ocrx_word' id='word_1_84' title='bbox 840 1471 1007 1532; x_wconf 89' lang='lat' dir='ltr'>christiani</span> <span class='ocrx_word' id='word_1_85' title='bbox 1026 1473 1080 1551; x_wconf 91' lang='lat' dir='ltr'>qui</span> 
     </span>
     <span class='ocr_line' id='line_1_14' title="bbox 102 1565 1080 1644; baseline 0.007 -20"><span class='ocrx_word' id='word_1_86' title='bbox 102 1582 160 1642; x_wconf 89' lang='lat' dir='ltr'>per</span> <span class='ocrx_word' id='word_1_87' title='bbox 175 1565 298 1644; x_wconf 85' lang='lat' dir='ltr'>praxim</span> <span class='ocrx_word' id='word_1_88' title='bbox 312 1567 409 1627; x_wconf 87' lang='lat' dir='ltr'>trium</span> <span class='ocrx_word' id='word_1_89' title='bbox 431 1566 638 1628; x_wconf 89' lang='lat' dir='ltr'>consiliorum</span> <span class='ocrx_word' id='word_1_90' title='bbox 656 1585 689 1628; x_wconf 91' lang='lat' dir='ltr'>se</span> <span class='ocrx_word' id='word_1_91' title='bbox 703 1568 760 1628; x_wconf 88' lang='lat' dir='ltr'>Dei</span> <span class='ocrx_word' id='word_1_92' title='bbox 773 1569 900 1630; x_wconf 89' lang='lat' dir='ltr'>servitio</span> <span class='ocrx_word' id='word_1_93' title='bbox 914 1569 1080 1632; x_wconf 85' lang='lat' dir='ltr'>vovebant.</span> 
     </span>
     <span class='ocr_line' id='line_1_15' title="bbox 111 1655 1083 1747; baseline 0.005 -21"><span class='ocrx_word' id='word_1_94' title='bbox 111 1655 114 1664; x_wconf 76' lang='grc'><strong>’</strong></span> <span class='ocrx_word' id='word_1_95' title='bbox 142 1669 175 1726; x_wconf 79' lang='lat'>5⁰</span> <span class='ocrx_word' id='word_1_96' title='bbox 191 1666 273 1726; x_wconf 88' lang='lat' dir='ltr'>Ante</span> <span class='ocrx_word' id='word_1_97' title='bbox 291 1683 322 1727; x_wconf 83' lang='lat' dir='ltr'>iv</span> <span class='ocrx_word' id='word_1_98' title='bbox 338 1666 492 1726; x_wconf 85' lang='lat' dir='ltr'>saeculum</span> <span class='ocrx_word' id='word_1_99' title='bbox 518 1673 548 1726; x_wconf 89' lang='lat' dir='ltr'>et</span> <span class='ocrx_word' id='word_1_100' title='bbox 567 1666 605 1726; x_wconf 93' lang='lat' dir='ltr'>ab</span> <span class='ocrx_word' id='word_1_101' title='bbox 621 1667 698 1745; x_wconf 91' lang='lat' dir='ltr'>ipsis</span> <span class='ocrx_word' id='word_1_102' title='bbox 716 1669 942 1746; x_wconf 85' lang='lat' dir='ltr'>Apostolorum</span> <span class='ocrx_word' id='word_1_103' title='bbox 956 1673 1083 1747; x_wconf 91' lang='lat' dir='ltr'>tempo-</span> 
     </span>
     <span class='ocr_line' id='line_1_16' title="bbox 103 1763 1082 1844; baseline 0.004 -22"><span class='ocrx_word' id='word_1_104' title='bbox 103 1763 191 1824; x_wconf 89' lang='lat' dir='ltr'>ribus</span> <span class='ocrx_word' id='word_1_105' title='bbox 217 1779 298 1844; x_wconf 77' lang='lat' dir='ltr'>veraa</span> <span class='ocrx_word' id='word_1_106' title='bbox 321 1764 474 1824; x_wconf 84' lang='lat' dir='ltr'>moniales</span> <span class='ocrx_word' id='word_1_107' title='bbox 493 1764 692 1825; x_wconf 89' lang='lat' dir='ltr'>exstiterunt.</span> <span class='ocrx_word' id='word_1_108' title='bbox 712 1767 779 1826; x_wconf 90' lang='lat' dir='ltr'>Hoc</span> <span class='ocrx_word' id='word_1_109' title='bbox 796 1770 919 1827; x_wconf 89' lang='lat' dir='ltr'>constat</span> <span class='ocrx_word' id='word_1_110' title='bbox 941 1783 978 1826; x_wconf 88' lang='lat' dir='ltr'>ex</span> <span class='ocrx_word' id='word_1_111' title='bbox 1004 1767 1082 1828; x_wconf 89' lang='lat' dir='ltr'>actis</span> 
     </span>
     <span class='ocr_line' id='line_1_17' title="bbox 103 1861 1084 1942; baseline 0.003 -20"><span class='ocrx_word' id='word_1_112' title='bbox 103 1868 296 1942; x_wconf 79' lang='lat' dir='ltr'>martyrnm3</span> <span class='ocrx_word' id='word_1_113' title='bbox 313 1868 389 1922; x_wconf 93' lang='lat' dir='ltr'>tunc</span> <span class='ocrx_word' id='word_1_114' title='bbox 416 1863 502 1923; x_wconf 90' lang='lat' dir='ltr'>enim</span> <span class='ocrx_word' id='word_1_115' title='bbox 525 1861 687 1923; x_wconf 85' lang='lat' dir='ltr'>exstabant</span> <span class='ocrx_word' id='word_1_116' title='bbox 713 1863 848 1941; x_wconf 88' lang='lat' dir='ltr'>virgines</span> <span class='ocrx_word' id='word_1_117' title='bbox 874 1865 940 1924; x_wconf 86' lang='lat' dir='ltr'>Deo</span> <span class='ocrx_word' id='word_1_118' title='bbox 970 1881 1084 1926; x_wconf 90' lang='lat' dir='ltr'>conse-</span> 
     </span>
     <span class='ocr_line' id='line_1_18' title="bbox 102 1951 1082 2038; baseline 0.001 -20"><span class='ocrx_word' id='word_1_119' title='bbox 102 1963 199 2019; x_wconf 84' lang='lat' dir='ltr'>cratae</span> <span class='ocrx_word' id='word_1_120' title='bbox 215 1965 371 2037; x_wconf 89' lang='lat' dir='ltr'>perpetuo</span> <span class='ocrx_word' id='word_1_121' title='bbox 386 1951 537 2020; x_wconf 86' lang='lat' dir='ltr'>castitatis</span> <span class='ocrx_word' id='word_1_122' title='bbox 557 1965 641 2035; x_wconf 88' lang='lat' dir='ltr'>v0t0,</span> <span class='ocrx_word' id='word_1_123' title='bbox 663 1977 734 2038; x_wconf 86' lang='lat' dir='ltr'>quae</span> <span class='ocrx_word' id='word_1_124' title='bbox 747 1959 830 2020; x_wconf 91' lang='lat' dir='ltr'>bona</span> <span class='ocrx_word' id='word_1_125' title='bbox 855 1976 910 2020; x_wconf 91' lang='lat' dir='ltr'>sua</span> <span class='ocrx_word' id='word_1_126' title='bbox 927 1962 975 2022; x_wconf 89' lang='lat' dir='ltr'>vel</span> <span class='ocrx_word' id='word_1_127' title='bbox 992 1961 1082 2022; x_wconf 90' lang='lat' dir='ltr'>abdi-</span> 
     </span>
     <span class='ocr_line' id='line_1_19' title="bbox 101 2054 1082 2136; baseline 0.001 -21"><span class='ocrx_word' id='word_1_128' title='bbox 101 2060 224 2131; x_wconf 84' lang='lat' dir='ltr'>cantes,</span> <span class='ocrx_word' id='word_1_129' title='bbox 243 2055 291 2116; x_wconf 90' lang='lat' dir='ltr'>vel</span> <span class='ocrx_word' id='word_1_130' title='bbox 304 2055 364 2135; x_wconf 93' lang='lat' dir='ltr'>piis</span> <span class='ocrx_word' id='word_1_131' title='bbox 376 2054 525 2133; x_wconf 91' lang='lat' dir='ltr'>operibus</span> <span class='ocrx_word' id='word_1_132' title='bbox 540 2055 774 2133; x_wconf 87' lang='lat' dir='ltr'>impendentes,</span> <span class='ocrx_word' id='word_1_133' title='bbox 790 2056 919 2136; x_wconf 87' lang='lat' dir='ltr'>speciali</span> <span class='ocrx_word' id='word_1_134' title='bbox 930 2056 1082 2119; x_wconf 89' lang='lat' dir='ltr'>obedien·</span> 
     </span>
     <span class='ocr_line' id='line_1_20' title="bbox 100 2151 920 2232; baseline 0.002 -20"><span class='ocrx_word' id='word_1_135' title='bbox 100 2151 156 2214; x_wconf 82' lang='lat' dir='ltr'>tiae</span> <span class='ocrx_word' id='word_1_136' title='bbox 169 2151 296 2212; x_wconf 88' lang='lat' dir='ltr'>vinculo</span> <span class='ocrx_word' id='word_1_137' title='bbox 319 2151 467 2212; x_wconf 85' lang='lat' dir='ltr'>suberant</span> <span class='ocrx_word' id='word_1_138' title='bbox 485 2151 663 2214; x_wconf 85' lang='lat' dir='ltr'>auctoritati</span> <span class='ocrx_word' id='word_1_139' title='bbox 679 2153 920 2232; x_wconf 92' lang='lat' dir='ltr'>Episcoporum.</span> 
     </span>
    </p>

    <p class='ocr_par' dir='ltr' id='par_1_6' title="bbox 100 2249 1083 3016">
     <span class='ocr_line' id='line_1_21' title="bbox 141 2249 1081 2331; baseline 0.003 -21"><span class='ocrx_word' id='word_1_140' title='bbox 141 2253 174 2310; x_wconf 80' lang='lat'>6⁰</span> <span class='ocrx_word' id='word_1_141' title='bbox 198 2250 243 2310; x_wconf 87' lang='lat' dir='ltr'>Ex</span> <span class='ocrx_word' id='word_1_142' title='bbox 264 2249 334 2327; x_wconf 92' lang='lat' dir='ltr'>ipsa</span> <span class='ocrx_word' id='word_1_143' title='bbox 352 2249 501 2311; x_wconf 74' lang='lat' dir='ltr'>Ecclesiae</span> <span class='ocrx_word' id='word_1_144' title='bbox 519 2255 642 2326; x_wconf 90' lang='lat' dir='ltr'>natura,</span> <span class='ocrx_word' id='word_1_145' title='bbox 658 2249 860 2312; x_wconf 79' lang='lat' dir='ltr'>concluditur</span> <span class='ocrx_word' id='word_1_146' title='bbox 880 2251 1081 2331; x_wconf 88' lang='lat' dir='ltr'>temporibus</span> 
     </span>
     <span class='ocr_line' id='line_1_22' title="bbox 100 2346 1083 2426; baseline 0.004 -19"><span class='ocrx_word' id='word_1_147' title='bbox 100 2347 285 2426; x_wconf 89' lang='lat' dir='ltr'>apostolicis</span> <span class='ocrx_word' id='word_1_148' title='bbox 298 2346 461 2425; x_wconf 89' lang='lat' dir='ltr'>religiosos</span> <span class='ocrx_word' id='word_1_149' title='bbox 477 2347 642 2409; x_wconf 83' lang='lat' dir='ltr'>exstitisse.</span> <span class='ocrx_word' id='word_1_150' title='bbox 660 2348 800 2409; x_wconf 85' lang='lat' dir='ltr'>Christus</span> <span class='ocrx_word' id='word_1_151' title='bbox 813 2349 951 2411; x_wconf 91' lang='lat' dir='ltr'>instituit</span> <span class='ocrx_word' id='word_1_152' title='bbox 969 2351 1083 2411; x_wconf 89' lang='lat' dir='ltr'>Eccle-</span> 
     </span>
     <span class='ocr_line' id='line_1_23' title="bbox 101 2444 1082 2526; baseline 0.003 -22"><span class='ocrx_word' id='word_1_153' title='bbox 101 2445 182 2504; x_wconf 87' lang='lat' dir='ltr'>siam</span> <span class='ocrx_word' id='word_1_154' title='bbox 196 2451 232 2506; x_wconf 93' lang='lat' dir='ltr'>ut</span> <span class='ocrx_word' id='word_1_155' title='bbox 258 2444 434 2506; x_wconf 85' lang='lat' dir='ltr'>sanctitatis</span> <span class='ocrx_word' id='word_1_156' title='bbox 448 2448 524 2505; x_wconf 90' lang='lat' dir='ltr'>nota</span> <span class='ocrx_word' id='word_1_157' title='bbox 549 2450 703 2525; x_wconf 89' lang='lat' dir='ltr'>perpetuo</span> <span class='ocrx_word' id='word_1_158' title='bbox 721 2446 866 2526; x_wconf 80' lang='lat' dir='ltr'>fulgeret.</span> <span class='ocrx_word' id='word_1_159' title='bbox 895 2447 991 2525; x_wconf 89' lang='lat' dir='ltr'>Atqui</span> <span class='ocrx_word' id='word_1_160' title='bbox 1005 2452 1082 2509; x_wconf 90' lang='lat' dir='ltr'>nota</span> 
     </span>
     <span class='ocr_line' id='line_1_24' title="bbox 101 2539 1081 2624; baseline 0.005 -22"><span class='ocrx_word' id='word_1_161' title='bbox 101 2539 280 2604; x_wconf 84' lang='lat' dir='ltr'>sanctitatis</span> <span class='ocrx_word' id='word_1_162' title='bbox 307 2543 543 2621; x_wconf 89' lang='lat' dir='ltr'>complectitur,</span> <span class='ocrx_word' id='word_1_163' title='bbox 563 2561 628 2604; x_wconf 91' lang='lat' dir='ltr'>non</span> <span class='ocrx_word' id='word_1_164' title='bbox 652 2544 755 2605; x_wconf 90' lang='lat' dir='ltr'>solum</span> <span class='ocrx_word' id='word_1_165' title='bbox 780 2543 904 2624; x_wconf 87' lang='lat' dir='ltr'>praxim</span> <span class='ocrx_word' id='word_1_166' title='bbox 928 2544 1081 2606; x_wconf 89' lang='lat' dir='ltr'>virtutum</span> 
     </span>
     <span class='ocr_line' id='line_1_25' title="bbox 101 2641 1079 2722; baseline 0.001 -20"><span class='ocrx_word' id='word_1_167' title='bbox 101 2661 172 2722; x_wconf 82' lang='lat' dir='ltr'>quae</span> <span class='ocrx_word' id='word_1_168' title='bbox 202 2641 242 2701; x_wconf 92' lang='lat' dir='ltr'>ad</span> <span class='ocrx_word' id='word_1_169' title='bbox 268 2641 402 2716; x_wconf 91' lang='lat' dir='ltr'>salutem</span> <span class='ocrx_word' id='word_1_170' title='bbox 426 2642 685 2719; x_wconf 90' lang='lat' dir='ltr'>consequendam</span> <span class='ocrx_word' id='word_1_171' title='bbox 710 2643 878 2715; x_wconf 83' lang='lat' dir='ltr'>sufficiant,</span> <span class='ocrx_word' id='word_1_172' title='bbox 906 2643 1079 2704; x_wconf 88' lang='lat' dir='ltr'>sedetiam</span> 
     </span>
     <span class='ocr_line' id='line_1_26' title="bbox 100 2738 1077 2820; baseline -0.001 -19"><span class='ocrx_word' id='word_1_173' title='bbox 100 2739 310 2801; x_wconf 91' lang='lat' dir='ltr'>consiliorum</span> <span class='ocrx_word' id='word_1_174' title='bbox 336 2738 568 2800; x_wconf 86' lang='lat' dir='ltr'>observantiam</span> <span class='ocrx_word' id='word_1_175' title='bbox 594 2744 626 2800; x_wconf 92' lang='lat' dir='ltr'>et</span> <span class='ocrx_word' id='word_1_176' title='bbox 646 2739 810 2819; x_wconf 86' lang='lat' dir='ltr'>publicam</span> <span class='ocrx_word' id='word_1_177' title='bbox 833 2740 1077 2820; x_wconf 85' lang='lat' dir='ltr'>professionem,</span> 
     </span>
     <span class='ocr_line' id='line_1_27' title="bbox 100 2835 1079 2917; baseline 0.002 -20"><span class='ocrx_word' id='word_1_178' title='bbox 100 2854 155 2897; x_wconf 90' lang='lat' dir='ltr'>seu</span> <span class='ocrx_word' id='word_1_179' title='bbox 173 2840 291 2897; x_wconf 91' lang='lat' dir='ltr'>statum</span> <span class='ocrx_word' id='word_1_180' title='bbox 301 2835 501 2914; x_wconf 89' lang='lat' dir='ltr'>religiosum.</span> <span class='ocrx_word' id='word_1_181' title='bbox 513 2837 595 2915; x_wconf 88' lang='lat' dir='ltr'>Ergo</span> <span class='ocrx_word' id='word_1_182' title='bbox 611 2837 644 2898; x_wconf 90' lang='lat' dir='ltr'>in</span> <span class='ocrx_word' id='word_1_183' title='bbox 656 2837 798 2899; x_wconf 80' lang='lat' dir='ltr'>Ecclesia</span> <span class='ocrx_word' id='word_1_184' title='bbox 813 2838 923 2917; x_wconf 91' lang='lat' dir='ltr'>quovis</span> <span class='ocrx_word' id='word_1_185' title='bbox 934 2842 1079 2915; x_wconf 87' lang='lat' dir='ltr'>ternpore</span> 
     </span>
     <span class='ocr_line' id='line_1_28' title="bbox 103 2933 792 3016; baseline 0 -22"><span class='ocrx_word' id='word_1_186' title='bbox 103 2935 295 2996; x_wconf 85' lang='lat' dir='ltr'>exstiterunt</span> <span class='ocrx_word' id='word_1_187' title='bbox 305 2939 335 2996; x_wconf 91' lang='lat' dir='ltr'>et</span> <span class='ocrx_word' id='word_1_188' title='bbox 349 2933 484 2994; x_wconf 82' lang='lat' dir='ltr'>existent</span> <span class='ocrx_word' id='word_1_189' title='bbox 494 2934 645 3012; x_wconf 88' lang='lat' dir='ltr'>religiosi.</span> <span class='ocrx_word' id='word_1_190' title='bbox 791 3013 792 3016; x_wconf 8' lang='grc' dir='ltr'><strong>Ἴ</strong></span> 
     </span>
    </p>

    <p class='ocr_par' dir='ltr' id='par_1_7' title="bbox 99 3030 1081 3694">
     <span class='ocr_line' id='line_1_29' title="bbox 141 3030 1081 3111; baseline 0.002 -18"><span class='ocrx_word' id='word_1_191' title='bbox 141 3034 178 3093; x_wconf 94' lang='lat' dir='ltr'>In</span> <span class='ocrx_word' id='word_1_192' title='bbox 193 3048 335 3104; x_wconf 89' lang='lat' dir='ltr'>errorem</span> <span class='ocrx_word' id='word_1_193' title='bbox 349 3030 506 3092; x_wconf 86' lang='lat' dir='ltr'>inducunt</span> <span class='ocrx_word' id='word_1_194' title='bbox 524 3034 554 3091; x_wconf 85' lang='grc' dir='ltr'>1ο</span> <span class='ocrx_word' id='word_1_195' title='bbox 570 3032 619 3091; x_wconf 94' lang='lat' dir='ltr'>llli</span> <span class='ocrx_word' id='word_1_196' title='bbox 639 3038 786 3096; x_wconf 90' lang='lat' dir='ltr'>auctores</span> <span class='ocrx_word' id='word_1_197' title='bbox 800 3031 854 3111; x_wconf 90' lang='lat' dir='ltr'>qui</span> <span class='ocrx_word' id='word_1_198' title='bbox 867 3031 1081 3095; x_wconf 83' lang='lat' dir='ltr'>vitaemonas·</span> 
     </span>
     <span class='ocr_line' id='line_1_30' title="bbox 102 3127 1080 3207; baseline 0 -15"><span class='ocrx_word' id='word_1_199' title='bbox 102 3129 173 3192; x_wconf 86' lang='lat' dir='ltr'>ticae</span> <span class='ocrx_word' id='word_1_200' title='bbox 187 3127 346 3207; x_wconf 87' lang='lat' dir='ltr'>originem</span> <span class='ocrx_word' id='word_1_201' title='bbox 359 3135 507 3207; x_wconf 85' lang='lat' dir='ltr'>repetunt</span> <span class='ocrx_word' id='word_1_202' title='bbox 521 3145 539 3188; x_wconf 95' lang='lat' dir='ltr'>a</span> <span class='ocrx_word' id='word_1_203' title='bbox 560 3129 677 3190; x_wconf 90' lang='lat' dir='ltr'>sanctis</span> <span class='ocrx_word' id='word_1_204' title='bbox 698 3130 806 3201; x_wconf 91' lang='lat' dir='ltr'>Paulo,</span> <span class='ocrx_word' id='word_1_205' title='bbox 823 3129 975 3203; x_wconf 90' lang='lat' dir='ltr'>Antonio,</span> <span class='ocrx_word' id='word_1_206' title='bbox 995 3131 1080 3192; x_wconf 87' lang='lat' dir='ltr'>Hila-</span> 
     </span>
     <span class='ocr_line' id='line_1_31' title="bbox 101 3225 1081 3314; baseline 0.001 -27"><span class='ocrx_word' id='word_1_207' title='bbox 101 3227 204 3288; x_wconf 89' lang='lat' dir='ltr'>rione.</span> <span class='ocrx_word' id='word_1_208' title='bbox 221 3226 347 3286; x_wconf 77' lang='lat' dir='ltr'>Etenim</span> <span class='ocrx_word' id='word_1_209' title='bbox 362 3225 413 3286; x_wconf 90' lang='lat' dir='ltr'>isti</span> <span class='ocrx_word' id='word_1_210' title='bbox 440 3226 559 3300; x_wconf 85' lang='lat' dir='ltr'>Sancti,</span> <span class='ocrx_word' id='word_1_211' title='bbox 578 3243 615 3286; x_wconf 84' lang='lat' dir='ltr'>ex</span> <span class='ocrx_word' id='word_1_212' title='bbox 627 3226 736 3314; x_wconf 29' lang='lat' dir='ltr'>verbis*</span> <span class='ocrx_word' id='word_1_213' title='bbox 744 3225 907 3287; x_wconf 89' lang='lat' dir='ltr'>Athanasii</span> <span class='ocrx_word' id='word_1_214' title='bbox 925 3232 956 3288; x_wconf 91' lang='lat' dir='ltr'>et</span> <span class='ocrx_word' id='word_1_215' title='bbox 969 3227 1081 3288; x_wconf 90' lang='lat' dir='ltr'>Hiero·</span> 
     </span>
     <span class='ocr_line' id='line_1_32' title="bbox 99 3321 1079 3405; baseline 0.001 -20"><span class='ocrx_word' id='word_1_216' title='bbox 99 3325 198 3404; x_wconf 87' lang='lat' dir='ltr'>nymi,</span> <span class='ocrx_word' id='word_1_217' title='bbox 220 3323 316 3405; x_wconf 77' lang='lat' dir='ltr'>primi</span> <span class='ocrx_word' id='word_1_218' title='bbox 335 3342 463 3382; x_wconf 85' lang='lat' dir='ltr'>eremum</span> <span class='ocrx_word' id='word_1_219' title='bbox 477 3321 668 3398; x_wconf 75' lang='lat' dir='ltr'>incoluerunt,</span> <span class='ocrx_word' id='word_1_220' title='bbox 687 3341 752 3384; x_wconf 87' lang='lat' dir='ltr'>non</span> <span class='ocrx_word' id='word_1_221' title='bbox 765 3323 970 3386; x_wconf 85' lang='lat' dir='ltr'>instituerunt</span> <span class='ocrx_word' id='word_1_222' title='bbox 984 3325 1079 3386; x_wconf 84' lang='lat' dir='ltr'>vitam</span> 
     </span>
     <span class='ocr_line' id='line_1_33' title="bbox 100 3421 1081 3502; baseline -0.002 -18"><span class='ocrx_word' id='word_1_223' title='bbox 100 3423 295 3502; x_wconf 87' lang='lat' dir='ltr'>religiosam.</span> <span class='ocrx_word' id='word_1_224' title='bbox 310 3451 349 3465; x_wconf 95' lang='lat'><em>-</em></span> <span class='ocrx_word' id='word_1_225' title='bbox 363 3425 395 3482; x_wconf 72' lang='lat'>2⁰</span> <span class='ocrx_word' id='word_1_226' title='bbox 412 3421 545 3493; x_wconf 79' lang='lat' dir='ltr'>Quidam</span> <span class='ocrx_word' id='word_1_227' title='bbox 561 3421 707 3482; x_wconf 92' lang='lat' dir='ltr'>moderni</span> <span class='ocrx_word' id='word_1_228' title='bbox 720 3427 893 3483; x_wconf 88' lang='lat' dir='ltr'>asserentes</span> <span class='ocrx_word' id='word_1_229' title='bbox 904 3427 1020 3482; x_wconf 90' lang='lat' dir='ltr'>statum</span> <span class='ocrx_word' id='word_1_230' title='bbox 1030 3439 1081 3482; x_wconf 87' lang='lat' dir='ltr'>re·</span> 
     </span>
     <span class='ocr_line' id='line_1_34' title="bbox 99 3518 1080 3600; baseline -0.003 -18"><span class='ocrx_word' id='word_1_231' title='bbox 99 3520 250 3600; x_wconf 91' lang='lat' dir='ltr'>ligiosum</span> <span class='ocrx_word' id='word_1_232' title='bbox 265 3536 331 3581; x_wconf 92' lang='lat' dir='ltr'>non</span> <span class='ocrx_word' id='word_1_233' title='bbox 347 3535 414 3579; x_wconf 89' lang='lat' dir='ltr'>esse</span> <span class='ocrx_word' id='word_1_234' title='bbox 432 3518 465 3579; x_wconf 92' lang='lat' dir='ltr'>in</span> <span class='ocrx_word' id='word_1_235' title='bbox 477 3519 618 3580; x_wconf 85' lang='lat' dir='ltr'>Ecclesia</span> <span class='ocrx_word' id='word_1_236' title='bbox 636 3520 902 3595; x_wconf 79' lang='lat' dir='ltr'>indefectibilem3</span> <span class='ocrx_word' id='word_1_237' title='bbox 919 3535 993 3580; x_wconf 87' lang='lat' dir='ltr'>nam</span> <span class='ocrx_word' id='word_1_238' title='bbox 1007 3535 1080 3597; x_wconf 88' lang='lat' dir='ltr'>per-</span> 
     </span>
     <span class='ocr_line' id='line_1_35' title="bbox 101 3616 640 3694; baseline 0 -13"><span class='ocrx_word' id='word_1_239' title='bbox 101 3620 181 3681; x_wconf 90' lang='lat' dir='ltr'>tinet</span> <span class='ocrx_word' id='word_1_240' title='bbox 195 3619 235 3680; x_wconf 91' lang='lat' dir='ltr'>ad</span> <span class='ocrx_word' id='word_1_241' title='bbox 247 3616 464 3694; x_wconf 84' lang='lat' dir='ltr'>integritatem</span> <span class='ocrx_word' id='word_1_242' title='bbox 476 3617 640 3681; x_wconf 83' lang='lat' dir='ltr'>Ecclesiae.</span> 
     </span>
    </p>
   </div>
   <div class='ocr_carea' id='block_1_3' title="bbox 0 0 1302 4286">
    <p class='ocr_par' dir='ltr' id='par_1_8' title="bbox 0 0 1302 4286">
     <span class='ocr_line' id='line_1_36' title="bbox 0 0 1302 4286; baseline 0 1"><span class='ocrx_word' id='word_1_243' title='bbox 0 0 1302 4286; x_wconf 95' lang='lat' dir='ltr'> </span> 
     </span>
    </p>
   </div>
  </div>
 </body>
</html>
