2604 4264
468 256 542 301 raas
566 255 728 301 sanctatis.
846 243 852 258 '
1031 255 1083 302 res

87 378 302 435 sacramenta
313 371 489 433 exhibenda
504 375 533 434 et
550 373 671 433 cultum
686 372 828 434 divinum
842 370 1080 433 celebrandum.

136 474 173 530 2.
190 473 227 531 In
252 471 291 530 iis
313 487 387 531 vero
411 469 581 547 parochiis,
600 469 634 529 in
659 470 774 548 quihus
798 468 838 529 oh
857 470 1000 529 locorum
1022 468 1083 529 dis·

87 569 238 630 tantiam
248 569 314 628 sive
328 567 547 629 difficultatem
558 567 744 646 parochiani
755 567 821 628 sine
835 583 949 643 magno
960 567 1084 628 incom-

90 667 255 728 modoad
280 665 446 726 ecclesiam
464 665 679 743 parochialem
694 666 845 727 accedere
857 684 922 727 non
938 671 1080 745 possunt,

90 781 204 826 novas
229 763 395 842 parochias
425 762 524 824 etiam
550 763 656 824 invitis
686 763 863 825 rectoribus
892 766 1084 827 constituere

94 863 239 942 possint,
248 863 339 940 juxta
353 861 489 923 formam
504 860 742 922 constitutionis
753 862 922 923 Alexandri
938 863 979 922 III
994 861 1043 941 (i).

144 963 177 1022 3.
207 961 294 1021 Novo
324 959 465 1037 parocho
491 959 667 1038 assignetur
690 965 874 1037 competens
905 959 1009 1037 portio
1048 977 1085 1022 ex

96 1055 262 1118 fructibus
285 1057 325 1116 ad
351 1056 518 1118 ecclesiam
541 1056 705 1116 matricem
730 1053 980 1132 pertinentibus3
1005 1053 1085 1116 etsi
1147 1103 1152 1122 ,

96 1171 234 1217 necesse
245 1155 351 1231 fuerit,
363 1156 498 1234 populus
509 1155 660 1233 compelli
670 1158 776 1233 potest
787 1171 822 1214 ee
834 1153 1083 1227 subministrare,

99 1270 179 1330 quae
193 1252 232 1312 ad
247 1252 344 1314 vitam
364 1252 443 1314 dicti
464 1251 637 1314 sacerdotis
660 1251 900 1313 sustentandam
916 1250 1085 1312 sufficiant.

310 1449 351 1497 ih·
367 1473 398 1484 —
411 1449 447 1498 Dc
456 1449 631 1498 beneficiorum
641 1448 871 1498 dismembraticne.

155 1603 214 1662 Per
235 1601 558 1677 demembrationem,
587 1604 670 1663 salva
691 1600 838 1662 beneficii
862 1598 993 1672 unitate,
1013 1615 1085 1676 pars

106 1697 217 1776 aliqua
229 1699 314 1759 illius
330 1699 368 1760 ab
382 1717 420 1761 eo
434 1700 621 1774 detrahitur,
638 1703 669 1760 et
684 1698 775 1760 alteri
788 1697 930 1758 ecclesiae
942 1694 1090 1757 attribui·

104 1800 172 1857 tur.
187 1797 254 1857 Hoc
265 1797 396 1857 nomine
414 1798 506 1875 plura
519 1796 846 1876 comprehenduntur.

149 1893 174 1953 Ι.
199 1893 465 1972 Aparochiarum
491 1895 645 1956 divisione
661 1895 754 1971 longe
776 1893 880 1953 differt
895 1907 1090 1954 earumnoca
1132 1935 1133 1938 ,
1222 1913 1227 1924 ·

107 1989 254 2066 limitatio,
273 2009 335 2070 qua
357 2009 428 2070 pars
447 1991 591 2071 pcpulia
610 2008 665 2051 sua
686 1990 837 2070 parochia
862 1989 1045 2050 distrahitur
1060 1990 1092 2049 et

108 2087 256 2148 viciniori
274 2089 418 2149 ecclesiae
437 2088 607 2149 addicitur.
629 2090 704 2149 Haec
735 2085 974 2147 dismembratio
994 2084 1090 2148 terri-

110 2184 191 2248 torii
204 2203 265 2245 non
277 2186 442 2263 perficitur
452 2185 512 2245 nisi
527 2203 564 2246 ex
579 2185 664 2264 gravi
680 2202 784 2246 causa.

153 2281 192 2343 ΙΙ.
208 2281 369 2342 Diminctic
386 2282 518 2364 beneficii
531 2284 577 2358 fit,
595 2283 722 2362 quando
736 2297 808 2362 pars
823 2281 984 2344 redituum
999 2279 1089 2342 alteri

109 2377 303 2457 applicanda
327 2381 521 2442 subtrahitur
545 2381 592 2442 vel
616 2397 733 2442 novum
756 2398 845 2456 onus,
870 2399 899 2441 ιι.
926 2398 955 2458 g.
980 2377 1092 2456 pensio

110 2477 300 2557 imponitur.
318 2479 500 2539 Generatim
521 2477 643 2557 legibus
660 2478 842 2552 odiosaest
863 2493 937 2538 nam
950 2476 1093 2554 regulam

110 2575 188 2636 facit
202 2575 369 2654 inscriptio
382 2575 466 2636 tituli
483 2591 539 2651 ιιιι,
556 2574 631 2636 libri
645 2577 686 2637 ΙΙΙ
700 2575 934 2637 Decretalium:
957 2593 971 2629 a
990 2571 1028 2632 Ut
1042 2569 1093 2630 be-

110 2669 216 2752 neficia
233 2672 293 2732 siue
306 2672 494 2734 dimicatione
506 2672 706 2753 conserantur.
724 2694 738 2730 ι
755 2674 863 2750 Itaque
883 2673 981 2730 status
996 2666 1094 2748 hene·

112 2769 177 2830 ficii
193 2769 385 2849 primitivus,
403 2774 557 2849 quantum
569 2771 638 2832 tieri
649 2775 765 2848 potest,
782 2767 898 2830 servari
911 2761 1016 2838 debet,
1034 2763 1095 2824 sal-

113 2865 159 2926 vis
174 2866 413 2945 exceptionibus
429 2868 543 2947 injure
561 2867 734 2946 permissis.
870 2925 871 2930 ,

153 2963 190 3024 ln
207 2965 316 3043 specie
331 2982 406 3026 vero
423 2965 625 3050 attendendae
643 2968 715 3024 sunt
731 2965 898 3039 sequentes
916 2956 1053 3033 regula:

155 3061 184 3121 l.
203 3060 331 3124 Ablatio
350 3063 448 3141 partis
473 3063 634 3123 fructuum
654 3077 692 3121 ex
707 3076 771 3120 uno
785 3054 940 3118 beneficio
958 3054 995 3114 ad
1015 3055 1095 3116 altc-

114 3172 187 3218 rum
200 3158 269 3218 fieri
279 3161 401 3240 nequit,
415 3160 476 3221 nisi
485 3159 570 3240 justa
583 3175 676 3220 causa
687 3157 842 3234 exigente,
856 3169 971 3233 nempe
984 3153 1095 3215 morali

115 3255 304 3318 necessitate
319 3258 463 3319 ecclesiae
485 3255 537 3318 cui
555 3256 631 3316 alias
662 3253 821 3333 provideri
837 3270 901 3314 non
922 3256 1026 3331 potest
1039 3249 1093 3331 (h).

155 3353 186 3411 2.
203 3351 405 3416 Prohibitum
421 3351 642 3416 diminutionis
664 3369 761 3432 genus
782 3357 829 3414 est
849 3349 940 3426 illud,
956 3350 981 3411 si
996 3349 1097 3420 colla·

149 3505 184 3568 (1)
195 3508 249 3559 Lib.
266 3509 298 3560 tlt
312 3511 492 3572 Daedalium,
505 3511 546 3560 tit.
558 3522 646 3570 xnvur,
657 3523 713 3572 cap.
725 3523 763 3572 111,
774 3509 809 3560 aci
818 3508 989 3561 Audiendum.

151 3585 188 3649 (ἲ)
200 3587 431 3654 Schmahgrueber,
442 3593 482 3642 tit.
493 3589 525 3642 de
539 3588 694 3654 Prehendi,
707 3589 722 3653 §
734 3593 761 3642 5.
