2590 4262
205 314 257 360 266
378 311 540 358 nxr0s1r10
561 311 739 357 bernoinus
762 311 845 356 sums
868 309 1023 355 eduorum.

206 449 299 510 poena
314 435 478 510 perpetua.
498 431 646 492 Jamvero
670 445 730 507 pro
752 429 904 490 tollendis
927 427 1191 508 suspensionibus

206 530 341 591 occultis
357 527 507 608 Episcopi
532 528 715 591 lacultatem
727 527 846 590 habent
856 545 895 589 ex
905 528 1033 589 decreto
1057 527 1189 590 concilii

205 627 383 689 Tridentini
402 631 451 703 (lt.

294 826 407 884 Quosne
417 829 453 874 2¹.
466 850 497 858 -
507 823 545 872 be
559 835 721 873 suspensione
733 837 764 871 er
775 833 916 872 rurorusra
926 832 1099 872 consererem.

243 984 268 1035 l.
286 977 417 1034 Facullcs
429 976 544 1033 ferendi
557 977 760 1050 suspensiones
774 976 952 1047 hujusmodi.

240 1070 267 1122 ἓ.
287 1066 385 1122 Causae
399 1066 429 1120 iu
443 1065 549 1136 quibus
561 1065 728 1136 proceditur
739 1081 774 1122 eu
789 1067 935 1136 informata
948 1064 1120 1120 conscientia.

240 1159 268 1212 3.
287 1155 385 1212 diodus
398 1154 583 1226 procedendi.

241 1245 266 1299 i.
287 1245 431 1301 Recursus
446 1243 527 1299 velut
540 1241 716 1298 remedium.

264 1445 288 1491 1.
304 1440 419 1488 Facullas
430 1435 525 1486 lercndi
538 1436 713 1498 suspensiones
727 1449 760 1484 ex
771 1435 910 1499 informato
921 1435 1073 1484 conscientia
1084 1434 1129 1496 (2).

228 1546 230 1552 Α
246 1595 270 1654 Ι.
286 1591 411 1652 Illarum
425 1589 532 1650 indoles
542 1598 571 1650 et
580 1591 674 1671 origo.
685 1622 726 1636 -
741 1589 875 1651 Ratione
889 1590 976 1650 modi
986 1607 1051 1668 quo
1061 1588 1182 1666 infligi·

206 1695 269 1764 tur,
302 1687 470 1764 multiplex
496 1687 660 1766 suspensio
689 1704 756 1749 esse
782 1693 905 1765 potest:
926 1688 986 1747 alia
1000 1687 1102 1747 fertur
1128 1702 1187 1764 per

208 1781 340 1841 modum
364 1798 513 1855 censnroe;
537 1780 599 1840 alia
610 1779 805 1860 judicialiter
829 1779 948 1841 inflicta
965 1779 1187 1859 pcenoelocum

206 1881 312 1950 tenet3
327 1875 387 1936 alia
402 1877 539 1954 denique
564 1881 612 1938 est
636 1877 781 1939 salutaris
809 1877 955 1955 quaedam
970 1874 1184 1954 providentia,

206 1991 269 2052 qua
279 1971 457 2052 Episcopus
468 1973 612 2035 excertis
624 1975 781 2036 laetorum
791 1973 1067 2053 adjunctisdeoori
1078 1989 1187 2034 sacro·
1292 1979 1293 2059 J

207 2088 277 2132 rum
294 2071 432 2133 consulit
445 2089 501 2148 per
515 2069 690 2132 mandatnm
701 2071 911 2133 indibitorlnm.

244 2167 570 2230 lamverosententiae
592 2187 630 2230 ec
653 2169 814 2249 informato
836 2169 1007 2230 concientia
1032 2168 1185 2230 dicuntur

206 2265 258 2327 isti
271 2269 360 2326 actus
379 2265 647 2344 extrajudiciales,
664 2267 778 2346 quibus
791 2267 976 2346 Episcopus,
988 2284 1028 2327 ex
1039 2265 1142 2328 causis
1152 2265 1186 2326 in

206 2379 260 2423 sua
282 2362 479 2424 conscientia
494 2364 670 2442 perpensis,
695 2364 848 2426 clericum
863 2370 950 2426 arcet
962 2365 1000 2426 ab
1017 2362 1184 2426 ordinibus
1291 2401 1292 2406 κ

206 2459 427 2538 suscipiendis,
445 2461 492 2521 vel
507 2460 598 2522 illum
612 2461 652 2522 ab
668 2462 832 2524 ordinibus
851 2463 1005 2542 susceptis
1026 2467 1059 2524 et
1075 2462 1184 2524 officio

206 2556 380 2634 suspendit.

246 2657 322 2716 Haec
334 2653 484 2716 mandata
500 2653 687 2716 inbibitoria
702 2656 859 2735 originem
881 2661 1002 2719 ducunt
1014 2675 1032 2718 a
1045 2656 1185 2720 concilio
1290 2727 1291 2730 Ἴ

206 2751 407 2813 Tridentino.
436 2753 538 2812 Antea
551 2750 649 2828 euim,
666 2758 783 2832 praeter
798 2754 1183 2822 occultumbomicidium
1290 2751 1291 2791 ἕ

208 2853 240 2910 et
254 2847 536 2927 haeresimquibus
548 2848 709 2911 inducitur
722 2850 945 2932 irregularitas,
962 2853 1185 2932 praeterlacul-

206 2950 306 3008 tatem
335 2946 478 3010 Praelatis
506 2947 703 3027 regularibus
732 2954 969 3029 competentem
999 2951 1185 3014 removendi

206 3043 351 3106 subditos
362 3061 380 3104 a
391 3044 592 3122 susceptione
601 3045 751 3108 ordinum
767 3047 808 3108 ob
821 3049 943 3110 crimen
956 3051 1120 3112 occultum
1129 3047 1182 3128 (3),
1289 3089 1290 3106 r

205 3140 390 3217 regulariter
404 3141 553 3221 Episcopi
568 3160 633 3205 non
643 3148 790 3224 poterant
805 3152 935 3226 propter
948 3147 1067 3210 delicte
1081 3146 1185 3209 occul·
1289 3133 1290 3159 *

108 3249 120 3262 ·
204 3239 236 3296 ta
251 3238 492 3318 suspensionem
507 3239 661 3322 infligere.
685 3242 862 3305 Concilium
879 3245 1101 3308 Tridentinum
1128 3261 1185 3306 no·

234 3407 267 3467 (l)
284 3409 421 3458 Concilium
434 3413 617 3477 Tridentinum,
628 3428 689 3466 sess.
702 3415 791 3477 XXIV,
809 3431 862 3478 cap.
875 3432 910 3479 vr,
921 3418 953 3467 de
964 3417 1161 3482 llesomalloue.

235 3486 270 3546 (2)
283 3485 389 3548 Giraldi,
401 3490 533 3552 Exposilio
543 3493 615 3557 juris
625 3494 756 3560 pontificii,
769 3503 833 3558 part.
851 3497 884 3557 Il,
896 3504 957 3548 sect.
974 3497 1062 3547 XLlll.

236 3565 448 3629 (emendadum
464 3570 509 3620 lib.
524 3574 545 3633 1,
560 3572 649 3636 titur,
661 3573 693 3623 de
715 3574 876 3640 Temporibus
898 3577 1097 3639 ordinationum,
1125 3588 1180 3638 cop.

202 3644 245 3698 lc
254 3659 329 3697 aures
342 3649 455 3697 nostroe.
