2604 4264
138 331 145 346 '
206 320 259 369 lto
372 321 528 369 uxrosmo
549 318 727 367 nunnomca
746 317 829 367 sums
850 321 1006 368 canotum.

239 441 254 504 ἕ
275 441 300 495 l.
319 438 358 494 De
372 438 525 494 collatione
540 437 642 494 libera.

239 530 254 592 ἓ
273 529 300 583 2.
321 526 610 588 oeinstitutionihus

479 739 495 803 5
508 738 534 790 t.
546 736 626 791 -lle
637 735 787 788 collatione
800 734 910 788 libera.-

239 926 360 989 ansrro
380 927 406 979 l.
427 921 626 994 Deiisquilrus
638 919 1170 992 competitjusconferendilrenellcie.
1283 927 1284 938 *

238 1015 359 1078 Qunsrro
376 1015 403 1068 r.
423 1012 463 1068 De
478 1011 514 1067 iis
528 1009 635 1082 quibus
649 1009 792 1066 beneficia
803 1007 929 1066 conferri
941 1013 1074 1082 possunt.

238 1101 359 1166 Qunsrro
378 1103 405 1158 3.
425 1100 463 1156 De
479 1098 572 1156 formu
586 1098 758 1156 collationis.

365 1314 479 1374 ansuo
493 1317 523 1362 l·.
536 1339 566 1348 -
578 1313 614 1364 De
628 1324 808 1362 concanonicus
819 1307 1017 1362 nnnnrrcro'nurr.

243 1482 322 1544 Cum
341 1478 486 1541 beneficii
507 1479 635 1540 collatio
651 1479 690 1541 sit
711 1483 800 1541 actus
813 1478 978 1560 potestatis
997 1475 1179 1556 spiritualis,
1284 1471 1285 1476 ’

203 1580 347 1658 prolecto
356 1578 395 1638 ad
408 1579 492 1638 solos
503 1577 655 1638 Ecclesiae
666 1579 817 1656 praesules
826 1577 976 1656 pertinet.
985 1575 1180 1653 Quapropter

204 1675 288 1748 laici,
309 1675 432 1735 secluso
455 1674 584 1752 speciali
607 1675 774 1754 privilegio
796 1674 983 1754 apostolico,
1005 1673 1090 1734 sicut
1111 1676 1180 1736 sunt

204 1772 370 1850 incapaces
386 1771 570 1851 possidendi
581 1772 632 1851 jus
646 1771 821 1850 spirituale,
837 1773 881 1834 ita
894 1788 932 1833 ex
946 1771 1031 1836 nulla
1046 1786 1179 1832 consuc-

205 1867 316 1931 tudine
332 1873 465 1946 possunt
478 1868 634 1930 beneficia
651 1869 807 1932 conferre.

245 1973 374 2053 'l'riplici
388 1979 494 2036 autem
502 1974 584 2054 J‘ure,
601 1992 717 2053 nempe
731 1976 780 2036 vel
789 1973 933 2056 plenario,
954 1974 1001 2035 vel
1018 1970 1179 2048 ordrncrio,

204 2072 253 2133 vel
268 2069 408 2152 delepato,
422 2073 577 2135 Praesules
592 2071 743 2134 Ecclesiae
758 2071 913 2134 beneficia
931 2071 1112 2133 conserunt.

246 2181 270 2242 Ι.
289 2179 412 2244 Collatio
419 2182 492 2264 jure
503 2182 636 2264 plenario
651 2181 807 2260 competit
822 2183 954 2244 Summo
973 2181 1120 2242 Pontifici
1140 2196 1183 2241 re

207 2284 318 2356 spectu
327 2279 555 2342 beneficiorum
568 2281 666 2342 totius
680 2280 849 2354 Ecclesiae;
865 2278 1043 2340 sicutenim
1053 2277 1183 2340 estuni-

206 2377 333 2438 versalis
349 2381 467 2458 pastor,
483 2377 527 2440 ita
546 2395 714 2457 supremus
729 2381 777 2440 est
797 2377 942 2439 omnium
956 2375 1182 2438 beneficiorum

206 2471 350 2533 collator.

174 2576 181 2588 '
245 2581 412 2661 Multiplici
425 2583 522 2644 modo
532 2585 570 2644 n.
581 2583 726 2646 Pontifex
738 2581 894 2645 beneficia
907 2581 1052 2644 conferre
1066 2584 1183 2660 potest,

180 2712 182 2718 .
207 2678 355 2742 videlicet
372 2681 443 2761 jure
465 2682 513 2742 vel
530 2700 685 2742 concursus
705 2681 752 2744 rel
762 2679 979 2762 prevenn'onts,
1001 2679 1051 2741 vel
1069 2675 1186 2739 devota

209 2777 304 2854 taonis,
319 2780 366 2841 vel
383 2779 586 2841 reservationis
602 2779 654 2860 (l).

246 2891 286 2952 ΙΙ.
317 2889 480 2953 Collotores
496 2891 570 2972 jure
593 2891 753 2954 ordzircrio.
770 2883 810 2937 '—
825 2893 901 2953 Post
921 2891 958 2951 R.
982 2888 1183 2962 Pontificem,

206 2988 388 3064 proximum
403 2989 510 3051 locum
532 2989 616 3052 inter
635 2991 804 3052 collatores
825 2988 972 3050 obtinent
986 2983 1139 3063 Episcopi
1156 2987 1185 3044 et

206 3083 259 3143 alii
273 3085 417 3148 locorum
435 3088 606 3166 Ordinarii‚
630 3089 684 3167 qui
704 3087 868 3150 ordinario
882 3091 914 3148 et
928 3084 1033 3146 nativo
1040 3083 1114 3164 jure
1129 3081 1185 3143 he·

205 3181 318 3242 neflcia
338 3186 517 3264 conferunt.
532 3188 610 3250 Cum
623 3186 685 3265 ipsi
699 3187 864 3247 fundatam
880 3184 913 3248 in
931 3184 1003 3264 jure
1021 3177 1184 3244 communi

191 3270 343 3336 'habeant
356 3275 566 3342 intentionem
574 3298 628 3341 seu
639 3285 828 3358 potestatem
838 3271 1025 3340 conferendi
1033 3273 1187 3339 beneficia

207 3391 271 3436 suaa
286 3373 442 3453 dioecesis,
459 3377 533 3440 inde
546 3379 611 3440 duo
623 3378 803 3440 inferuntur
815 3375 857 3458 (2)
873 3397 881 3438 :

238 3577 271 3638 (ll
287 3575 377 3638 sopiit,
390 3573 567 3626 institutiones
577 3578 647 3642 juris
659 3578 767 3641 privati,
781 3576 825 3628 lib.
838 3575 870 3639 11,
886 3588 940 3639 cap.
955 3585 984 3624 ιι.

237 3659 272 3724 (2)
282 3655 394 3720 Boterdi,
405 3655 438 3706 de
451 3655 591 3720 Beneficiis,
606 3658 706 3708 dissert.
717 3655 747 3706 V.
