2590 4262
233 295 283 340 222
391 294 550 339 exaestuo
572 291 749 338 ueruoulca
774 294 857 337 sums
880 292 1034 337 cartorum.

233 412 353 472 inflicta
381 415 438 485 est,
472 411 612 490 itemque
640 427 742 472 oausae
771 427 841 489 quae
873 427 982 472 curam
1016 409 1197 480 animarum,

234 507 356 568 cultum
374 507 527 581 divinum,
545 507 778 568 correctionem
796 525 923 568 morum
943 511 1093 585 spectant,
1105 503 1201 566 veluti

235 605 362 667 decreta
382 604 532 683 Episcopi
557 603 591 663 in
614 603 794 664 visitatione
821 603 976 665 dioecesis.
1001 605 1049 665 Ad
1074 603 1199 664 alterum

129 727 131 732 ·
234 717 331 780 genus
346 701 506 778 pertinent
523 704 591 762 tum
606 717 709 762 causae
728 717 798 777 quae
817 716 939 760 moram
955 718 1018 760 non
1034 699 1198 778 patiuntur,

233 801 302 859 tum
345 815 447 860 causae
481 814 539 875 per
579 797 766 858 Pontificem
814 798 992 860 commissae
1019 795 1201 877 appellatione

234 903 355 956 remoto.

591 1078 810 1134 ARTlCULUS
828 1079 871 1132 111

505 1257 877 1297 canoarrnrrarronuu
898 1242 944 1309 (Ι).

275 1423 299 1482 Ι.
321 1418 348 1478 Α
370 1438 427 1499 quo
442 1417 544 1499 judice
573 1419 748 1500 appelletur.
775 1451 813 1464 —
847 1417 1027 1480 Generatim
1054 1417 1201 1495 appellare

237 1519 311 1580 licet
329 1535 347 1578 a
365 1515 473 1593 quovis
490 1515 609 1594 judice,
627 1517 681 1593 qui
701 1517 799 1578 relate
814 1497 859 1576 'ad
880 1531 1009 1576 causam
1029 1518 1201 1576 controver-

236 1631 302 1675 sam
317 1612 414 1674 habet
428 1612 638 1691 superiorem.
1124 1637 1126 1642 ¹

274 1711 423 1790 Ajudice
441 1728 591 1789 supremo
608 1711 693 1772 nulla
713 1711 804 1771 datur
824 1711 1006 1790 appellati0‚
1028 1727 1101 1771 oum
1116 1708 1141 1768 is
1156 1726 1200 1768 su·
1279 1709 1280 1728 ¹

235 1808 393 1886 perierem
414 1825 478 1869 non
500 1814 716 1888 recognoscat.
741 1809 832 1870 Ratio
854 1814 912 1884 est,
931 1809 1005 1887 quia
1027 1807 1156 1868 interior
1171 1805 1199 1865 in

236 1906 431 1984 superiorem
446 1923 509 1967 non
524 1906 620 1967 habet
633 1910 841 1984 potestatem
859 1908 964 1986 itaque
983 1909 1023 1967 de
1035 1903 1199 1967 substantia

235 2003 458 2081 appellationis
474 2007 532 2079 est,
549 2007 585 2064 ut
599 2005 654 2063 liat
668 2003 707 2064 ab
721 2005 871 2065 inferiore
885 2006 925 2065 ad
939 2005 1144 2084 superiorem.

274 2099 351 2160 lude
376 2099 578 2163 innotescunt
602 2100 738 2180 judices,
764 2119 781 2163 a
807 2100 922 2180 quibus
947 2102 1120 2180 appellatio,
1142 2115 1197 2160 uon

235 2195 452 2274 permittitur:
470 2201 497 2258 l.
516 2198 564 2258 Ab
582 2199 651 2277 ipso
669 2201 754 2276 Papa
769 2216 834 2260 non
847 2199 941 2259 datur
952 2198 1135 2278 appellatio,
1145 2213 1198 2257 ne-

237 2292 365 2371 quidem
379 2293 419 2353 ad
435 2295 607 2357 concilium
622 2297 767 2374 generale
783 2297 941 2370 futurum3
958 2295 1024 2357 imo
1043 2296 1089 2357 sio
1102 2293 1199 2372 appel<

235 2392 335 2451 lantes
353 2391 423 2468 ipso
440 2391 524 2453 lacto
543 2392 709 2454 incurrunt
729 2393 1093 2456 excommunicationem
1112 2390 1197 2453 Bulla

238 2486 334 2550 Coenoe
351 2487 403 2566 (ἓ).

275 2590 305 2646 2.
322 2584 484 2663 Appellari
499 2603 563 2646 non
581 2590 686 2664 potest
702 2603 721 2647 a
737 2587 892 2648 sententia
909 2586 1040 2649 concilii
1057 2583 1198 2666 generalis

236 2683 377 2762 legitime
402 2683 583 2762 congregati
604 2689 635 2744 et
654 2683 750 2762 capiti
769 2703 825 2745 suc
847 2685 943 2760 uniti;
964 2685 1046 2747 ratio
1063 2688 1119 2758 est,
1135 2680 1200 2760 quia

236 2780 313 2840 illud
328 2785 532 2857 repraesentat
548 2780 724 2841 universam
738 2782 926 2844 Ecclesiam.

275 2879 305 2938 3.
322 2879 392 2938 Non
411 2878 588 2957 appellatur
604 2895 623 2938 a
640 2878 795 2940 sententia
810 2880 908 2942 totius
923 2880 1052 2960 collegii
1066 2875 1201 2941 cardina·

237 2971 325 3050 lium,
340 2981 394 3037 aut
406 2975 687 3056 congregationum
699 2994 913 3052 romanarum,
929 2995 1034 3056 neque
1047 2977 1087 3038 ah
1100 2973 1201 3036 ultima

237 3073 325 3134 Rotae
344 3090 484 3135 romanas
502 3073 667 3136 sententia.
684 3074 810 3134 Etenim
825 3074 907 3135 sicut
922 3093 986 3136 nou
1003 3074 1200 3153 appellatura

235 3169 361 3229 Vicario
379 3171 516 3248 generali
529 3173 568 3231 ad
583 3172 788 3250 Episcopum,
806 3172 881 3250 quia
892 3172 1037 3235 vicarius
1055 3165 1200 3250 generalis
1277 3193 1278 3260 ἐ

236 3265 400 3326 constituit
419 3267 505 3328 idem
524 3267 662 3328 tribunal
684 3285 758 3330 cum
777 3269 947 3347 Episcopo,
967 3270 1011 3330 ita
1027 3269 1061 3329 in
1081 3279 1201 3344 congre·
1277 3265 1278 3298 l

236 3359 415 3438 gationihus
448 3365 587 3426 romanis
615 3365 755 3428 eminere
785 3373 931 3428 censetur
959 3366 1131 3428 auctoritas
1155 3378 1201 3422 su-

267 3544 296 3602 tll
316 3541 412 3602 nevolt,
425 3542 611 3593 Institutionum
626 3546 804 3595 canonicarum
815 3546 858 3595 lib.
872 3546 914 3606 ill,
927 3547 1023 3597 titum.

266 3623 298 3683 (2)
307 3621 346 3670 Pii
360 3620 382 3669 ll
392 3629 469 3669 const.
486 3623 655 3673 Eaeerobilr'r.
664 3651 692 3660 -
703 3628 717 3674 J
721 3625 764 3674 ulii
774 3628 795 3674 ll
806 3633 883 3676 const.
900 3626 1024 3688 Suscepni
