2604 4264
113 260 115 264 '
199 273 251 320 ise
361 263 520 312 nxrosrsro
539 261 717 308 unrnomca
738 263 821 309 roms
843 263 997 312 ennomus.

558 477 778 534 numeneus
795 479 809 532 1

368 651 499 690 ommno!
518 649 669 689 Pcrnsrffls
686 650 842 690 summam
860 651 1001 691 ECCLESIAE.

238 803 428 886 Hujusmodi
454 799 616 880 objectum
630 801 852 879 spectaturvel
880 801 911 860 in
937 821 1052 881 ponere,
1072 804 1121 864 vel
1146 805 1181 865 in

117 984 119 992 Ι
196 905 297 986 specie,

237 1003 261 1063 l.
277 997 438 1080 Ejusmodi
453 996 595 1078 objectum
609 997 640 1056 in
659 1015 762 1078 ponere
785 997 909 1059 duobus
933 997 1100 1077 principiis
1122 999 1182 1060 de-

198 1098 393 1162 terminatur
409 1116 416 1156 :

239 1198 268 1256 l.
293 1195 444 1276 Odjectom
455 1190 587 1273 qeoerale
601 1191 684 1251 attius·
699 1192 853 1271 potestatis
875 1200 944 1252 sont
968 1213 1063 1254 omues
1079 1212 1186 1255 ooosoe

198 1291 403 1353 ecclesiastiaca.
415 1289 571 1351 Probatur
582 1287 756 1349 auctoritate
772 1308 783 1350 .·
795 1311 811 1344 α
823 1288 956 1368 Negotia
965 1290 1185 1352 ecclesiastica

197 1390 431 1468 Episcoporum
453 1385 575 1465 judicio
590 1390 747 1446 reservata
766 1391 848 1460 sunt,
863 1387 962 1464 idque
976 1387 1186 1466 juxtaecols-

198 1487 363 1547 siasticum
378 1499 512 1555 morem,
525 1483 614 1561 juxta
626 1486 772 1560 paternas
794 1484 991 1559 traditiones,
1000 1485 1090 1563 juxta
1104 1501 1184 1546 auc-

198 1583 360 1644 toritatem
376 1579 564 1658 evangelica
578 1579 824 1659 apostolicaeque
839 1581 994 1642 doctrinae
1012 1581 1066 1662 (l).
1077 1604 1091 1640 o

239 1672 395 1736 Probatur
416 1674 668 1736 ratiove-causa
691 1675 913 1736 ecclesiastica
937 1694 982 1737 eae
1007 1680 1080 1737 sunt
1104 1694 1180 1754 quae

199 1773 285 1836 circa
298 1772 449 1833 Ecclesia
468 1773 594 1852 negotia
607 1777 781 1849 versantur,
797 1775 836 1834 ad
850 1774 916 1852 ejus
932 1775 1029 1835 finem
1042 1775 1179 1851 ducunt,

198 1871 282 1932 inter
297 1871 363 1948 ejus
378 1869 484 1932 media
505 1876 741 1949 computantur.
767 1872 864 1950 Atqui
889 1873 1031 1933 Ecclesia
1047 1872 1120 1951 jure
1133 1891 1184 1935 se·

199 1967 303 2045 ipsam
319 1968 411 2046 regit.
435 1970 518 2048 Ergo
531 1969 571 2028 ad
586 1967 674 2028 illam
695 1972 818 2047 spectat
832 1968 977 2045 proprias
988 1969 1087 2047 ipsius
1104 1987 1183 2031 cau-

118 2110 120 2114 .
201 2081 250 2124 sas
262 2064 420 2142 judicare.

239 2165 270 2224 2.
282 2160 334 2222 Ad
345 2162 445 2242 lorum
456 2161 675 2222 ecclesiasticum
694 2180 735 2223 eoe
750 2181 844 2245 ooosce
851 2162 1009 2243 pertinent,
1026 2183 1098 2244 quos
1116 2163 1149 2224 E
1149 2183 1184 2224 c·

201 2257 286 2320 alesia
299 2259 356 2320 sibi
368 2260 517 2341 subjacere
533 2260 704 2322 declaravit.
727 2261 819 2322 Ratio
843 2266 901 2336 est,
928 2262 1002 2340 quia
1023 2263 1179 2336 Ecclesia,

125 2398 127 2402 -
201 2357 334 2418 comsit
356 2355 538 2433 infallibilis,
567 2376 630 2418 non
654 2363 759 2437 potest
782 2357 901 2436 aliquid
924 2375 1094 2422 erroneum
1123 2375 1182 2437 per

202 2451 403 2533 disciplinam
418 2456 597 2533 generalem
608 2456 789 2516 decernere.

240 2553 280 2613 ll.
294 2551 345 2613 Ad
356 2551 499 2632 objectum
511 2549 634 2632 speciale
644 2550 820 2631 judiciariae
835 2551 1001 2630 potestatis
1013 2552 1181 2615 ecclesias-

201 2648 275 2712 ticae
290 2653 469 2712 referuntur
483 2648 629 2729 plurimae
646 2667 759 2711 causae.

243 2753 274 2809 l.
291 2747 394 2809 Causae
403 2747 572 2828 spirituales
587 2747 626 2808 ab
639 2747 782 2809 Ecclesia
792 2746 994 2810 dirimuntur.
1009 2747 1134 2809 Etenim
1147 2748 1183 2808 in

203 2844 350 2906 omnihus
366 2864 436 2924 quae
453 2846 561 2917 fidem,
579 2843 721 2906 divmum
734 2846 855 2907 cultum
868 2852 921 2907 aut
934 2845 1184 2908 ecclesiasticam

204 2941 406 3022 disciplinam
418 2948 572 3022 spectant,
588 2942 691 3004 omnis
706 2961 724 3003 a
739 2941 863 3006 Christo
873 2947 1012 3022 potestas
1016 2943 1182 3023 judicandi

180 3059 183 3068 ’
203 3039 354 3102 Ecclesiae
366 3042 483 3102 tradita
495 3041 554 3102 fuit
569 3039 622 3121 (2).

245 3139 275 3197 E.
294 3137 398 3199 Coosoe
409 3137 639 3200 matrimoniales
649 3139 689 3198 ad
703 3139 809 3199 forum
821 3135 1074 3199 ecclesiasticum
1086 3139 1184 3216 perti·

204 3236 291 3294 nent.
315 3235 406 3296 Ratio
424 3241 481 3309 est,
503 3235 576 3315 quia
594 3235 832 3298 matrimonium
850 3252 868 3294 a
883 3235 1007 3296 Christo
1025 3237 1182 3297 elevatum

204 3331 308 3391 estad
324 3330 511 3408 dignitatem
532 3333 720 3395 sacramenti
737 3352 744 3394 :
772 3353 786 3390 o
806 3333 838 3395 Si
855 3333 924 3410 quis
939 3333 1055 3396 dixerit
1072 3350 1184 3395 causas

234 3530 267 3591 (l)
279 3526 362 3588 vigilii
375 3526 448 3588 epist.
466 3532 504 3579 15.

234 3605 270 3670 (2)
284 3605 581 3668 Devoti,lnstitutiouum
593 3609 774 3660 collocaturum
788 3611 832 3661 lib.
845 3609 886 3673 lll,
898 3609 938 3658 dt.
957 3622 990 3658 ιν.
