2618 4252
449 285 523 330 PARS
544 285 707 333 senciens.
1010 293 1066 340 289

89 409 163 468 dem
176 423 242 467 non
253 408 359 483 potest
370 402 404 463 in
414 402 592 466 oeconomia
604 403 783 466 mediorum
793 406 833 468 ab
845 407 905 469 alia
915 407 1067 486 pendere.

90 504 187 585 Atqui
201 520 266 565 non
289 505 392 565 solum
406 492 548 564 Ecclesia
563 508 610 564 est
624 501 784 580 distincta,
803 512 958 585 quatenus
971 507 1070 570 habet
1157 555 1161 562 .

89 605 187 665 finem
203 599 369 681 proprium
383 605 415 661 et
432 600 537 662 media
549 599 754 677 sufficientia;
771 620 880 666 verum
901 603 984 666 illius
997 603 1068 666 finis

91 702 132 762 ad
146 701 240 762 aliam
261 698 446 760 societatem
466 714 532 758 non
546 697 721 775 ordinatur,
739 717 813 761 cum
833 700 873 763 sit
888 719 1066 780 supremus,

91 815 206 876 nempe
216 794 344 876 adeptio
358 796 430 858 vitae
446 800 583 857 aeternae.

131 895 225 956 Proh.
246 898 276 955 2.
299 913 337 953 ea
356 892 505 954 voluntate
528 890 650 954 Christi.
673 893 792 956 lisdem
818 896 935 971 verbis,
951 897 1068 976 quibus
1107 917 1110 933 ·

93 993 212 1073 expleri
223 992 317 1071 jussit
331 991 485 1072 quidquid
493 989 572 1068 juris
586 990 815 1069 imperantibus
827 994 967 1071 politicis
982 1012 1068 1057 com-

93 1091 174 1169 petit
184 1088 316 1169 (Reddite
334 1096 482 1169 quaeunt
496 1085 630 1162 Caesaris,
649 1086 782 1168 Caesari),
799 1089 892 1152 simul
905 1090 1066 1170 indicavit,

94 1189 132 1248 ad
148 1187 308 1266 principes
324 1185 430 1248 civiles
446 1185 617 1246 deferenda
639 1203 703 1246 non
722 1202 790 1246 esse
812 1187 919 1248 omnia
938 1207 1009 1267 quae
1027 1190 1067 1249 ad
1159 1184 1162 1190 ’

94 1284 281 1366 religionem
297 1287 440 1363 spectant
450 1283 490 1362 (et
502 1301 569 1364 quoe
580 1290 648 1343 sunt
659 1282 725 1357 Dei,
738 1282 821 1362 Deo).

133 1385 290 1444 Praeterea
302 1382 455 1443 Dominus
467 1382 561 1442 Petro
576 1386 609 1441 et
620 1380 793 1459 Apostolis‚
814 1399 1071 1461 eorumquesuc·

95 1480 272 1543 sessoribus
294 1475 431 1542 ¹contulit
448 1483 639 1557 potestatem
653 1478 922 1556 independentem
935 1497 953 1540 a
965 1486 1072 1557 potes-

95 1585 161 1642 iaie
171 1576 255 1640 civili
268 1597 275 1638 :
290 1577 396 1638 Docete
410 1595 504 1637 omues
515 1584 611 1657 pentes
623 1577 702 1655 tl)...
718 1577 783 1638 Tibi
794 1577 868 1640 dnbo
880 1579 973 1640 claves
990 1582 1076 1660 requi

97 1677 246 1750 coetorum,
260 1681 291 1736 et
304 1674 506 1754 Quodcumque
516 1674 653 1754 tipuuerie
661 1693 748 1756 super
761 1683 872 1737 terram
883 1676 1072 1757 erittipntum

96 1783 126 1836 et
139 1775 170 1835 iu
182 1773 258 1836 coetis
272 1774 352 1853 (2)...
370 1763 464 1834 Pasce
476 1791 540 1832 oves
553 1791 630 1833 meus
645 1772 699 1852 (3).

136 1871 277 1951 Denique
299 1871 439 1933 Christus
459 1870 555 1932 invita
587 1875 618 1931 et
643 1871 884 1933 contradicente
913 1877 1070 1950 potestate

97 1969 241 2032 saeculari
253 1967 429 2030 Ecclesiam
443 1968 616 2030 constituit.

135 2067 230 2129 Proh.
250 2068 280 2126 3.
297 2084 335 2126 ea
348 2064 443 2146 proci
453 2063 603 2126 Ecclesia.
631 2065 776 2143 Apostoli
797 2065 900 2126 verbis
924 2072 956 2128 et
982 2067 1075 2128 factis

98 2165 259 2226 vindicant
274 2163 426 2225 Ecclesiae
441 2162 646 2224 libertatem:
668 2161 701 2222 in
733 2161 884 2225 exercitio
908 2163 1074 2242 potestatis

100 2260 271 2342 spiritualis
299 2278 333 2322 se
358 2258 507 2340 impediri
533 2277 597 2322 non
624 2259 846 2338 permiserunt,
876 2267 1072 2324 asserentes:

102 2358 223 2419 Obedire
236 2367 348 2440 oportet
364 2358 426 2419 Deo
450 2357 543 2437 caepis
567 2376 655 2438 quoru
680 2356 842 2418 bominibus
865 2357 916 2436 (i).
933 2359 1073 2422 Ecclesia

98 2458 160 2518 sibi
174 2457 285 2521 tribuit
292 2463 483 2536 potestatem
493 2456 771 2535 independentem.

138 2554 231 2617 Prob.
255 2561 285 2618 i.
309 2553 526 2637 definitionibus
548 2552 753 2614 ecclesiasticis.
775 2554 988 2616 Memorandae
1002 2560 1076 2614 suni

102 2653 345 2716 constitutiones
365 2653 398 2713 in
421 2653 535 2733 quibus
553 2651 800 2732 independentia
824 2649 974 2712 Ecclesia
989 2667 1073 2712 asse-

104 2750 183 2812 ritur
199 2758 234 2814 ut
252 2751 397 2812 doctrina
414 2748 587 2824 catholica3
607 2767 635 2810 v.
661 2767 692 2827 g.
713 2747 843 2809 Joannis
858 2746 942 2806 XXII
957 2745 1077 2808 consti·

100 2848 180 2909 tutio
200 2848 381 2926 dogmatica
393 2847 476 2908 Licet
502 2849 649 2908 adversus
676 2843 850 2908 Mamilium
878 2842 1071 2919 Patauinum,

98 2945 189 3006 Bulla
205 2943 302 3006 Coeaoe
314 2945 402 3022 cujus
425 2942 566 3005 firmitati
583 2943 662 3002 nihil
683 2942 861 3002 detractum
885 2943 947 3015 est,
964 2935 1076 3002 Ponti-

98 3045 195 3104 ficum
210 3041 451 3103 constitutiones
478 3043 625 3104 adversus
645 3037 796 3100 Placitum
809 3035 933 3117 reptant.

138 3140 212 3200 Pius
225 3140 277 3214 vl,
294 3139 327 3198 in
340 3139 453 3200 litteris
469 3136 651 3220 apostolicis
662 3135 777 3215 quibus
790 3133 950 3195 damnavit
961 3131 1077 3198 Consti'-
1110 3155 1118 3162 ·

101 3237 239 3297 tutionem
253 3235 365 3296 civitem
383 3235 456 3296 cieri
470 3233 620 3316 pellicani,
637 3235 731 3295 docet
742 3232 830 3310 juxta
845 3231 1074 3296 traditionem:

5 3433 7 3446 s
130 3410 164 3471 (1)
176 3409 281 3470 blattin,
292 3421 381 3468 invni,
394 3411 433 3458 19.

131 3489 163 3552 (it
182 3491 345 3550 blattb.,nv1‚
362 3491 398 3539 19.

131 3571 168 3633 (3)
180 3571 284 3629 loson„
296 3582 350 3630 xxi,
369 3572 409 3619 tt.

40 3657 45 3680 ¹
65 3673 68 3682 ⁴
129 3651 162 3712 (l)
175 3649 277 3712 dct.,v‚
289 3653 327 3700 ae.

219 3747 253 3794 11.
