2590 4262
226 232 280 278 210
394 231 550 278 nxrostnlo
572 229 748 276 ucnnoulcn
766 228 850 274 JURIS
873 228 1029 276 cenorum.

443 447 467 494 1.
485 445 520 492 De
532 442 650 492 citatione
661 449 686 491 et
699 448 804 503 captura
823 455 924 491 reorum
941 443 985 502 (1).

263 615 390 690 Quoties
407 615 446 674 de
466 614 599 676 crimine
615 617 750 688 constet,
766 616 798 675 et
814 611 934 674 indicia
953 612 1061 692 gravia
1077 631 1198 693 suspee-

223 721 291 775 tum
306 712 469 774 commissi
487 711 630 772 criminis
642 711 780 790 aliquem
797 711 928 786 iaciunt,
944 709 1069 772 Judiois
1088 717 1133 772 est
1143 713 1196 774 de-

222 815 480 885 cernere‚utrum
490 826 560 870 reus
569 811 780 886 praesumptus
791 808 982 886 simpliciter
993 809 1140 870 citandus
1149 809 1193 886 sit,
1263 835 1264 872 r

223 914 329 970 utrum
348 906 444 968 etiam
459 906 552 966 simul
570 906 717 966 citandus
728 911 759 966 et
776 905 951 990 capiendus
966 906 1020 982 sit,
1036 906 1120 968 utin
1135 924 1193 968 car·

222 1003 347 1064 ceribus
364 1019 464 1081 nsque
481 1003 522 1061 ad
540 1003 661 1063 exitum
671 1003 789 1082 judicii
801 1003 1010 1064 custodiatur.

262 1102 408 1162 Jamvero
423 1099 525 1162 Judex
548 1101 581 1160 in
598 1101 799 1162 decernenda
822 1102 871 1162 vel
887 1101 1040 1162 citatione
1051 1101 1191 1180 simplici,

222 1199 270 1260 vel
286 1199 438 1259 citatione
450 1197 544 1257 simul
560 1202 591 1256 et
605 1203 748 1275 captura,
764 1197 860 1258 debet
873 1199 936 1258 duo
950 1198 1120 1276 diiigenter
1132 1215 1192 1276 per-

223 1298 373 1374 pendere,
393 1311 508 1372 nempe
526 1298 596 1354 turn
609 1294 831 1355 conditionem
845 1312 1002 1373 persone,
1019 1299 1090 1356 tum
1106 1295 1193 1372 quaii-

223 1388 322 1455 tatem
339 1399 370 1454 et
381 1391 499 1451 indicia
511 1389 669 1453 criminis.
693 1391 754 1453 Ubi
772 1392 853 1453 levia
875 1397 947 1453 sunt
961 1392 1082 1454 indicia
1096 1391 1192 1452 crimi-

224 1492 283 1565 nis,
299 1496 330 1551 et
340 1488 518 1568 praesertim
526 1489 551 1548 si
562 1505 634 1549 reus
644 1495 858 1568 praesumptus
870 1489 955 1550 bona
968 1489 1192 1552 existimatione

224 1587 372 1666 potiatur,
389 1592 515 1646 nonest
534 1587 574 1646 ad
587 1586 747 1664 judicium
759 1604 817 1664 per
834 1592 1002 1664 capturam
1017 1587 1192 1664 pertrahen-

226 1685 293 1743 dus.
309 1685 444 1760 Captura
458 1701 531 1745 vero
546 1683 739 1759 decernitur,
757 1686 886 1762 quando
901 1685 1025 1746 crimen
1040 1689 1089 1745 est
1103 1689 1191 1758 atrox,

226 1785 279 1840 aut
293 1781 365 1856 fuga
379 1781 520 1856 timetur,
534 1785 587 1842 aut
598 1798 672 1842 reus
686 1781 720 1840 in
732 1781 877 1859 flagranti
892 1782 1010 1843 delicto
1027 1781 1191 1860 deprehen-

227 1879 322 1940 ditur.

554 2068 578 2114 2.
591 2065 627 2113 De
639 2065 751 2113 examine
771 2077 879 2114 reorum.

269 2238 292 2298 I.
307 2236 421 2297 Norma
427 2236 605 2317 procedendi
621 2236 650 2296 in
663 2237 777 2296 notorio
794 2237 841 2296 vel
853 2235 998 2317 staprooto'
1014 2237 1188 2317 ercinincffl).

271 2337 300 2395 i.
316 2335 353 2393 In
368 2335 501 2394 crimine
515 2334 639 2408 notorio,
656 2334 830 2416 dummodo
850 2334 1004 2396 delictum
1026 2335 1120 2395 fuerit
1131 2351 1192 2412 per-

231 2435 392 2510 petratum
403 2431 437 2490 in
451 2431 522 2493 loco
533 2431 674 2510 publico,
687 2436 841 2509 praesente
855 2434 986 2509 populo,
1004 2435 1036 2493 et
1048 2432 1132 2492 illius
1143 2447 1192 2490 no-

232 2527 360 2590 torietas
372 2527 525 2606 probetur
538 2545 595 2606 per
607 2531 712 2603 testes,
722 2529 819 2606 judex
832 2529 1008 2606 procedere
1022 2533 1126 2607 potest
1139 2528 1194 2589 siue

233 2626 345 2687 ordine
359 2625 537 2704 judiciarie.
562 2625 652 2686 Ratio
671 2630 729 2701 est,
758 2626 832 2704 quia
857 2628 936 2688 ordo
959 2627 1143 2706 judiciarius
1155 2643 1194 2686 so

234 2725 301 2785 lum
316 2724 516 2786 introductus
544 2723 643 2784 estad
669 2721 811 2783 criminis
837 2724 1003 2785 veritatem
1023 2723 1194 2802 investigari·
1263 2781 1264 2816 ἶ

235 2822 320 2882 dam.

274 2919 307 2980 Si
321 2924 428 2982 tamen
452 2936 507 2980 reo
522 2917 679 2996 competit
700 2917 805 2997 aliqua
830 2919 982 2996 defensio,
1000 2920 1091 2982 citari
1114 2918 1193 2980 dehet
1263 2989 1264 3002 ἶ

234 3017 273 3076 ad
287 3035 320 3078 se
336 3018 582 3090 defendendum,
599 3020 630 3076 et
644 3017 684 3075 ad
697 3007 889 3077 sententiam
904 3019 1112 3080 audiendam.
1263 3009 1264 3012 ¹

274 3115 351 3175 Cum
366 3118 465 3177 multa
476 3115 622 3177 dicantur
634 3114 758 3175 notoria
772 3132 841 3193 quae
853 3133 916 3176 non
933 3121 1016 3192 sunt,
1034 3117 1192 3195 prudenter

233 3213 378 3287 procedit
391 3215 499 3292 juder,
519 3213 573 3291 qui
588 3212 685 3274 ctiam
703 3211 737 3272 in
758 3213 892 3274 notoriis
922 3214 1044 3292 regulas
1070 3213 1192 3294 J‘udicio·
1263 3253 1264 3290 p

234 3321 305 3364 rum
320 3306 476 3370 observat.
1263 3293 1264 3330 ³

265 3488 300 3551 (1)
312 3489 408 3549 Devoti,
418 3490 612 3541 Institutionum
624 3492 801 3541 canonicarum
811 3491 854 3541 lib.
867 3491 909 3550 ul,
920 3492 962 3542 tit.
978 3505 1002 3542 v.
1102 3525 1105 3530 -

266 3573 300 3634 [2)
314 3570 540 3632 Schmaizgrueber,
550 3572 595 3620 Jas
606 3571 811 3636 ecclesiasticum,
822 3573 863 3624 lib.
881 3573 909 3635 V,
920 3573 959 3624 tit.
970 3587 988 3622 1.
