2590 4262
179 302 232 348 27⁰
344 299 501 347 nxroslnlo
521 299 700 345 nnmonlcu
721 299 804 344 Jnnis
826 299 983 345 canonlcl.

314 513 336 559 3.
354 509 444 558 Modus
454 505 604 570 procedendi
615 520 646 558 ex
658 507 793 558 informata
811 505 962 556 conscicntia
972 506 1018 569 (i).

216 679 241 738 Ι.
261 675 422 739 Sententia
436 675 594 754 ejusmodi
606 675 707 737 fertur
720 675 805 737 velut
820 673 1002 748 mandatam,
1020 689 1085 734 non
1097 689 1158 752 per

179 774 312 837 modum
333 773 456 854 judicii.
481 774 655 851 Propterea
676 773 852 852 Episcopus
878 775 983 851 potest
1006 770 1158 833 omittere

178 871 274 934 etiam
299 871 416 933 formas
432 870 547 949 judicii
561 871 735 934 summarii.
758 872 826 932 imo
843 887 908 930 non
930 874 1057 931 tenetur
1083 885 1162 929 cau-

180 985 247 1030 sam
261 967 477 1046 suspensionis
491 984 546 1030 reo
564 968 775 1028 manifestare.
797 968 832 1028 ld
854 968 1015 1046 colligitur
1032 971 1104 1027 tum
1121 981 1163 1025 ex

180 1064 284 1126 verbis
304 1063 445 1138 concilii,
460 1062 672 1145 quomodolibet
688 1066 778 1126 etiam
792 1061 1073 1144 ectrojudicioiiter,
1088 1064 1161 1122 tum

181 1180 219 1224 ex
230 1161 498 1223 declarationibus
513 1159 772 1242 congregationis
789 1159 931 1222 Concilii.

221 1261 371 1322 Attamen
386 1261 544 1337 Episcopo
556 1259 642 1334 licet,
662 1258 688 1318 si
701 1257 788 1333 volit,
804 1258 924 1336 aliquas
936 1255 1049 1335 judicii
1070 1255 1162 1318 ordi·

182 1356 261 1418 narii
283 1359 331 1418 vel
355 1355 520 1416 summarii
543 1356 661 1416 formas
679 1355 847 1431 adhibere,
867 1340 964 1416 modo
980 1355 1014 1414 in
1028 1355 1162 1437 terenda

183 1454 338 1515 sententia
364 1450 528 1531 exprimat,
557 1469 590 1512 se
612 1469 705 1532 agere
729 1453 836 1531 vigore
857 1449 969 1530 capitis
993 1454 1022 1527 l,
1049 1449 1164 1512 sessio·

183 1551 231 1613 nis
244 1551 313 1614 XIV
335 1549 468 1612 concilii
482 1548 677 1625 Tridentini;
695 1549 836 1629 alioquin
850 1547 1059 1629 appellationi
1071 1549 1163 1610 locus

129 1643 131 1648 ’
184 1655 276 1712 essct.

223 1746 261 1806 ll.
281 1745 331 1804 Ad
340 1762 457 1824 peanum
476 1745 562 1822 quod
577 1730 701 1819 attinet,
720 1748 781 1805 tres
796 1744 913 1822 regulae
928 1747 1119 1805 statuuntur.

224 1841 256 1903 l.
284 1844 427 1904 Potestas
445 1859 462 1902 a
476 1843 606 1904 decreto
626 1842 813 1904 Tridentino
827 1840 992 1920 Episcopis
1005 1857 1164 1906 ¹concessa

185 1938 386 2001 concluditur
398 1941 432 2000 in
447 1938 495 2002 his
518 1940 642 2002 duobus
660 1959 667 2001 :
681 1939 838 2021 prohibere
850 1960 998 2002 ascensam
1011 1939 1053 2001 od
1067 1959 1167 2002 sacros

184 2034 306 2110 ordines,
321 2042 352 2097 et
363 2037 581 2118 suspenderent
593 2037 742 2100 ordinibus
753 2046 782 2099 et
795 2037 906 2120 officio.
924 2041 959 2100 Id
972 2038 1108 2100 infertur
1126 2056 1165 2101 ex

184 2133 256 2211 ipso¹
269 2138 357 2196 textu
368 2135 555 2196 Tridentino
567 2157 574 2212 ;
590 2136 624 2195 in
634 2153 672 2196 eo
682 2136 780 2212 enim,
791 2141 907 2215 praeter
919 2137 982 2197 duo
993 2134 1163 2216 assignata,

184 2228 265 2292 nihil
284 2232 440 2309 reperitur
460 2233 626 2313 Episcopis
649 2249 849 2296 concessum.
869 2234 955 2294 Istud
982 2235 1163 2308 decretum,

184 2344 258 2390 curn
272 2328 336 2406 juri
353 2331 517 2392 communi
533 2335 625 2394 antea
644 2329 763 2411 rigenti
786 2331 928 2409 deroget,
944 2331 1054 2394 stricte
1068 2330 1164 2394 inter·

184 2427 375 2503 pretendum
391 2432 448 2489 est.
739 2495 742 2501 Α

223 2525 333 2602 ltaque
353 2542 417 2585 non
438 2525 514 2586 licet
534 2525 692 2604 Episcopo
719 2541 756 2586 ex
775 2524 945 2586 informata
965 2525 1163 2586 conscientia

185 2637 378 2700 quemquam
394 2622 683 2698 excommunicare,
699 2623 747 2682 vel
760 2622 1026 2683 communitatem
1041 2626 1097 2682 aut
1112 2623 1164 2683 lo-

129 2707 130 2710 *
184 2719 469 2800 cuminterdiccre,
479 2720 527 2780 vel
537 2719 631 2779 aliam
641 2718 920 2797 poenamintligere
931 2723 1050 2797 praeter
1061 2719 1162 2780 inter-

185 2816 307 2878 dictum
320 2816 359 2876 ab
368 2834 499 2878 ascensu
508 2817 546 2877 ad
562 2815 690 2878 ordines
702 2821 733 2878 et
746 2815 985 2894 suspensionem
1001 2816 1039 2877 ab
1053 2815 1160 2878 officio

185 2918 216 2974 et
233 2914 412 2975 ordinibus.

223 3015 257 3074 2.
278 3014 348 3072 Non
362 3017 495 3092 constat,
510 3011 705 3090 Episcopum
720 3027 811 3089 posse
833 3027 871 3071 ex
884 3010 1054 3073 informata
1069 3027 1164 3073 cons·

184 3107 301 3168 cientia
315 3112 506 3187 suspendere
517 3110 644 3171 etiamn
659 3107 804 3189 beneficio.
818 3109 909 3170 Ratio
925 3115 982 3184 est,
998 3110 1075 3188 quia
1088 3127 1161 3172 oon·

184 3202 293 3264 cilium
310 3207 389 3267 nihil
409 3193 517 3270 statuit
530 3208 569 3268 de
583 3207 750 3282 beneficio,
767 3212 799 3268 et
814 3205 977 3284 suspensio
992 3207 1032 3268 ab
1053 3207 1160 3269 oificio

183 3317 248 3362 non
259 3300 383 3364 inducit
396 3304 575 3366 necessario
590 3303 830 3382 suspensionem
846 3321 864 3362 a
878 3303 1045 3366 beneficio.
1063 3306 1099 3365 ln
1110 3303 1158 3364 his

184 3403 291 3459 autem
310 3417 380 3478 quae
397 3401 468 3478 jure
489 3400 652 3463 communi
672 3402 835 3480 derogant,
852 3401 903 3462 lex
916 3400 1024 3463 stricte
1037 3401 1158 3463 intelli·

216 3571 248 3630 (l)
264 3569 393 3628 Stremler,
413 3569 463 3618 Des
478 3572 562 3634 peinis
580 3571 788 3634 ecclesiasiiqocs,
803 3577 871 3630 part.
901 3573 922 3632 l,
939 3580 997 3624 sect
1017 3573 1061 3626 v1.
1074 3601 1105 3610 —
1116 3575 1159 3627 Gi-

183 3649 257 3710 isidi,
272 3649 405 3713 depositio
419 3650 490 3713 juris
506 3650 639 3714 pontificii,
651 3657 721 3712 part.
738 3649 769 3712 ll,
781 3657 841 3698 sect.
855 3653 939 3702 XLlIl.
