2590 4262
190 272 241 318 leo
342 271 500 316 EXPOSITIO
521 263 698 316 baruoulct
718 267 801 312 touls
824 267 979 314 certorum.

228 388 425 468 Regulariter
458 386 583 448 libellus
608 385 641 444 in
669 401 820 462 processu
856 385 941 446 civili
976 387 1179 466 requiritur,
1283 355 1284 380 ³

190 491 321 565 excepto
332 490 439 546 tamen
452 501 603 563 processu
617 482 802 544 summario.

227 584 269 646 11.
287 581 440 644 Citatiom's
453 581 632 653 necessitas,
645 579 776 656 species,
792 581 948 653 executio,
965 582 1107 646 effectus.

230 683 259 740 l.
273 671 473 741 oblationem
497 676 597 738 libelli
623 676 765 754 sequitur
780 676 889 740 citatio.
907 679 1064 740 Definitur
1087 689 1180 742 octus

180 776 347 858 judicaelis,
374 795 430 856 quo
451 793 518 836 reus
537 772 673 834 mandato
681 771 794 853 judicis
814 774 845 833 in
862 774 1011 854 judiciam
1031 786 1171 841 vocatur.
1285 807 1286 812 ¹

189 876 276 938 illius
290 876 459 936 auctoritas
472 873 630 936 derivatur
638 889 676 933 ex
685 876 842 951 potestate
853 873 970 950 judicis
981 874 1174 939 incitatum.

188 972 326 1033 Proinde
339 972 365 1030 si
375 971 541 1031 manifesta
551 969 591 1031 sit
601 969 850 1047 incompetentia
856 969 985 1046 judicis,
1000 988 1072 1032 reus
1083 988 1178 1033 com-

189 1085 301 1148 parere
311 1086 376 1130 non
391 1069 529 1146 cogitur.

228 1170 261 1229 ἢ.
281 1167 456 1227 Necessitas
476 1163 633 1226 citationis
652 1163 746 1224 etiam
770 1179 807 1224 ex
826 1163 898 1241 jure
914 1165 1050 1226 naturali
1070 1183 1170 1228 cons-

189 1268 252 1339 tat;
265 1268 350 1326 vetat
373 1264 458 1326 enim
490 1260 621 1338 aequitas
636 1260 779 1321 damnari
797 1261 946 1338 aliquem,
964 1263 1018 1341 qui
1035 1263 1170 1325 auditus

189 1376 226 1422 ac
246 1360 392 1423 defensus
415 1376 480 1419 non
507 1357 563 1431 sit;
591 1357 676 1418 unde
694 1357 779 1418 istud
798 1358 944 1420 axioma:
968 1358 1113 1420 audiatur
1141 1369 1173 1422 et

188 1457 282 1520 altero
291 1475 375 1538 pers.
393 1456 492 1534 Igitur
505 1454 615 1516 citatio
627 1455 664 1514 ad
677 1453 885 1517 substantiam
896 1457 1010 1534 judicii
1022 1462 1162 1536 spectat,

190 1558 320 1636 ejusque
350 1553 480 1616 omissio
505 1553 647 1614 eontinet
689 1553 847 1615 defectum
885 1553 1105 1630 insanabilem,
1136 1573 1177 1618 ac

186 1654 345 1733 judicium
357 1651 463 1712 reddit
475 1650 544 1728 ipso
556 1650 628 1728 jure
641 1650 777 1710 nullum.

228 1752 259 1811 3.
276 1749 430 1810 Dividitur
444 1748 477 1807 in
495 1747 679 1808 citationem
698 1747 805 1808 realem
830 1753 861 1809 et
879 1748 1032 1810 verbalem.
1048 1750 1166 1813 Citatio

189 1846 286 1923 reales,
307 1864 369 1924 qua
385 1863 529 1925 personae
547 1845 839 1925 apprehenduntur,
857 1847 964 1908 locum
981 1865 1046 1908 non
1067 1849 1166 1911 habet

190 1947 223 2006 in
233 1944 356 2024 judicio
366 1942 463 2018 civili,
475 1944 538 2003 nisi
552 1945 702 2004 adversus
720 1948 883 2020 suspectos
898 1946 937 2005 de
951 1945 1033 2024 fuga.
1051 1946 1167 2008 citatio

192 2041 315 2103 ambules
331 2039 480 2102 litverhis
505 2058 563 2120 per
574 2042 736 2114 nuntium,
747 2042 796 2101 vel
807 2041 936 2115 litteris;
957 2043 1168 2104 subdividitur

189 2140 382 2220 inpetentem
391 2137 587 2218 etpablicom.
604 2137 716 2201 citatio
736 2137 904 2218 placatam
919 2139 1083 2201 infaciem
1102 2142 1159 2214 rei,

189 2239 237 2300 vel
259 2239 299 2298 ad
323 2238 390 2317 ejus
405 2238 556 2311 domum;
578 2235 698 2316 publica
722 2237 757 2298 fit
776 2252 853 2298 voce
867 2238 1025 2314 praeconis
1043 2239 1091 2300 vel
1106 2257 1165 2316 per

191 2336 332 2397 edictum
345 2334 474 2413 publice
487 2335 630 2395 aldxum'.

229 2434 299 2495 Alia
312 2438 358 2494 est
368 2432 477 2493 citatio
487 2430 623 2516 simplae,
636 2429 698 2491 alia
706 2429 917 2510 peremptoria.
934 2433 994 2491 Per
1005 2431 1161 2512 simplicata

190 2530 372 2594 citationem
385 2546 456 2589 reus
466 2528 498 2589 in
506 2527 666 2608 judicium
676 2530 805 2590 vocatur
814 2528 1028 2590 intracertum
1038 2530 1162 2592 dierum

190 2629 378 2704 terminum;
393 2644 456 2705 quo
476 2630 583 2686 tamen
598 2626 706 2703 elapso
721 2623 835 2685 citatus
855 2643 920 2686 non
933 2628 968 2688 fit
979 2632 1162 2700 contumax,

191 2727 251 2788 nisi
265 2725 366 2787 tribus
381 2723 539 2784 distinctis
563 2721 685 2783 vicibus
697 2727 825 2784 vocatus
838 2723 942 2800 fuerit,
959 2741 1019 2786 nec
1035 2743 1164 2805 compa·

192 2825 299 2886 ruerit.
331 2819 534 2900 Peremptoria
558 2824 616 2895 est,
646 2836 717 2896 quae
745 2835 802 2896 pro
825 2818 927 2879 tribus
957 2821 1159 2883 citationibus

192 2918 358 2993 emittitur,
374 2921 405 2976 et
417 2913 638 2976 necessitatem
653 2911 858 2989 comparendi
869 2911 912 2972 ita
924 2912 1073 2991 imponit,
1090 2921 1126 2976 ut
1138 2915 1164 2974 si

191 3015 231 3075 ad
242 3015 449 3077 constitutum
460 3013 546 3072 diem
557 3010 672 3073 citatus
684 3010 981 3088 noncomparuerit,
992 3017 1163 3073 contumax

192 3111 357 3174 habeatur.
848 3184 853 3196 ‚

230 3211 262 3266 l.
276 3209 428 3269 Exeeutio
438 3205 597 3268 citationis
613 3202 734 3264 duabus
747 3203 887 3282 partibus
903 3210 1036 3282 constat,
1048 3223 1165 3287 nempe

192 3311 301 3368 tenore
311 3304 410 3381 ipsius
424 3303 533 3382 scripti
542 3306 596 3363 aut
605 3298 774 3362 uerborum
790 3300 904 3378 quibus
915 3301 1160 3366 instrumentum

192 3399 368 3472 conficitur,
386 3400 501 3460 deinde
514 3398 754 3461 transmissione
769 3397 972 3461 instrumenti
989 3395 1047 3479 per
1058 3402 1164 3480 publi-

192 3514 266 3562 cum
276 3495 492 3574 apparitorem
504 3496 602 3558 laeta.

230 3597 267 3657 ln
276 3595 405 3657 decreto
413 3591 561 3653 citatorio
573 3591 762 3670 exprimitur
775 3609 892 3654 nomen
902 3593 1031 3673 judicis,
1046 3597 1160 3660 actoris
