2594 4286
218 297 252 349 36
387 298 541 346 nxrost'rto
562 297 737 344 METEODICA
757 297 840 344 tutus
861 297 1019 349 cenoblcl.

216 418 243 481 si
258 414 403 480 habitum
419 415 567 479 dimittat.
590 415 828 494 suspenditura
842 415 939 478 sacris
959 413 1138 479 ordinibus.
1154 448 1195 464 -

218 514 405 599 Superiores
419 520 566 578 tenentur
582 532 636 577 eos
650 525 807 577 revocare.

255 617 294 677 ΙΙ.
309 613 579 694 Condiciorelz'giori
587 613 698 694 rejecti.
711 648 751 659 —
762 612 820 685 Qui
834 613 1070 676 consentientes
1086 611 1196 674 dimit·

216 718 337 786 tuntur,
362 713 410 774 vel
433 729 470 772 ex
492 712 577 791 justa
603 729 697 772 causa
723 709 891 790 ejiciuntur
910 711 998 773 inviti
1024 716 1097 791 post
1119 716 1193 773 vota

216 807 384 889 simplicia,
422 807 604 871 eximuntur
639 807 853 870 communiter
878 807 917 868 ab
942 806 1190 885 obligationibus

217 914 316 972 status
341 905 489 987 religiosi,
523 906 586 968 sive
609 911 729 980 avoto,
751 904 850 967 sivea
870 906 978 981 regula
1002 906 1188 984 procedant,

215 1013 248 1069 et
262 1007 458 1068 reducuntur
471 1005 510 1066 ed
526 1003 622 1067 vitam
637 1005 835 1066 saecularem.
850 1035 890 1050 -
908 1001 1069 1084 Excipitur
1082 1011 1191 1066 votum

215 1103 365 1167 castitalis
381 1102 526 1164 absolute
550 1107 758 1182 perpetuum,
785 1099 922 1180 religiosi
946 1100 1190 1182 incorrigibiles,

215 1208 287 1282 post
301 1207 372 1264 vota
390 1187 555 1277 solemnia,
573 1201 663 1280 juxta
676 1185 813 1263 canones
833 1197 904 1278 ejici
926 1204 1068 1278 possunt.
1091 1198 1192 1279 Ejecti

213 1305 379 1363 remanent
393 1297 540 1379 religiosi.
557 1332 597 1344 -
619 1303 649 1362 1⁰
669 1299 829 1361 Tenentur
845 1315 880 1360 se
895 1297 1066 1360 emendare
1083 1304 1117 1358 ut
1131 1297 1192 1359 ite-

214 1416 285 1461 rum
296 1396 422 1460 admitti
438 1401 630 1459 mereantur.
646 1400 728 1458 —20
741 1395 829 1459 Votis
842 1394 1023 1474 obligantur
1038 1402 1070 1457 et
1083 1413 1120 1456 ea
1136 1395 1196 1457 ob·

214 1501 337 1560 servant
347 1501 501 1576 quantum
512 1493 674 1574 patiuntur
684 1492 941 1566 circumstantias,
954 1513 981 1556 v.
995 1513 1026 1574 g.
1039 1492 1194 1556 obediunt

213 1594 390 1675 Episcop03
418 1610 483 1654 sura
507 1591 727 1655 sustentationi
744 1589 921 1672 provident.
937 1625 978 1638 —·
991 1594 1022 1653 3ο
1035 1593 1116 1654 Sunt
1129 1610 1194 1652 sns·
1214 1616 1217 1620 ·

141 1683 144 1691 ’
214 1692 305 1771 pensi
320 1709 338 1752 a
355 1688 574 1752 functionibus
594 1689 754 1752 ordinum.

253 1791 305 1851 111.
327 1780 520 1869 Dbpensatio.
536 1785 673 1850 -Olim
688 1787 831 1867 pluribus
851 1786 951 1849 visum
961 1786 1013 1851 'est
1031 1787 1191 1850 neminem

214 1904 307 1968 posse
323 1885 498 1964 dispensari
512 1903 608 1964 super
621 1885 699 1948 votis
713 1884 893 1960 solennibus,
908 1891 940 1948 et
950 1885 1110 1949 vinculum
1121 1906 1195 1966 pro-

214 1981 358 2046 fessionis
387 1981 543 2062 rcligiosae
567 2000 634 2045 esse
658 1984 697 2046 dc
725 1983 797 2062 jure
824 1982 930 2046 divino
959 1982 1192 2048 indissolubile.

217 2081 317 2144 Hodie
335 2098 447 2143 omnes
463 2079 667 2144 consentiunt
681 2079 863 2159 religiosum
877 2079 972 2144 eximi
989 2099 1114 2163 possea
1130 2083 1195 2145 suis

216 2178 472 2258 obligationibus,
487 2178 597 2242 otvitae
608 2178 752 2241 saeculari
764 2178 856 2240 reddi
866 2177 991 2243 indulto
1004 2180 1198 2258 apostolico,-

216 2277 290 2356 quia
305 2278 435 2340 effectus
457 2275 663 2356 professionis
681 2295 746 2338 non
766 2277 838 2357 jure
854 2276 990 2339 naturali
1005 2285 1060 2340 aut
1075 2277 1195 2356 divine,

216 2377 271 2437 sed
280 2375 351 2454 iure
365 2374 579 2438 ecclesiastico
593 2376 753 2439 fundatur.
770 2377 914 2438 Facultas
928 2375 1131 2456 dispensandi
1142 2396 1197 2439 su·
1262 2413 1266 2420 ·

216 2491 274 2554 per
289 2472 367 2536 votis
382 2471 577 2534 solemnibus
591 2472 738 2536 Pontifici
751 2480 939 2536 reservatur.

257 2574 334 2634 Haec
356 2570 633 2650 dispensationem
654 2574 828 2634 admodum
845 2572 1041 2637 conceditur.
1060 2574 1122 2636 Sed
1138 2592 1198 2636 oc·

218 2674 350 2732 currunt
371 2671 517 2748 exempla
540 2668 677 2749 plurima
704 2668 887 2731 indultorum
913 2670 1028 2748 quibus
1050 2671 1196 2733 Pontifex

218 2765 386 2846 permittit,
422 2766 586 2847 religiosos
621 2766 806 2831 solemniter
842 2769 1002 2847 professos
1029 2767 1131 2831 vivere
1161 2767 1198 2831 in

219 2865 337 2927 saeculo
365 2867 405 2942 (r.
432 2885 461 2944 g.
495 2883 533 2927 ex
555 2864 692 2927 violenta
723 2864 843 2928 ordinis
868 2857 1073 2944 dispersione,
1104 2868 1201 2938 firma

219 2967 404 3026 remanente
427 2967 575 3025 votorum
602 2961 794 3025 solemnium
821 2961 1017 3038 substantia3
1043 2963 1095 3026 isti
1121 2966 1200 3027 reli-

219 3057 301 3137 giosi
329 3059 494 3139 subjacent
521 3059 693 3122 Ordinariis
717 3066 868 3141 tanquam
892 3059 1029 3141 propriis
1050 3063 1202 3143 Superio-

219 3154 319 3218 ribus.

233 3245 236 3248 ’
260 3251 410 3332 Religiosi
432 3272 568 3333 quorum
583 3262 655 3320 vota
669 3257 906 3339 suntstmpls'eio,
928 3255 1198 3336 dispensationem

222 3349 368 3414 obtinere
391 3359 525 3431 possunt
540 3356 626 3418 vela
652 3354 822 3436 Superiore
847 3353 894 3417 sui
917 3353 1063 3431 instituti,
1086 3359 1134 3420 vel
1157 3359 1200 3421 ab

222 3446 381 3527 Episcopo
404 3466 461 3526 pro
484 3447 607 3513 diversa
630 3450 860 3515 constitutione
874 3452 1140 3532 congregationis.
1158 3489 1202 3502 —-

224 3543 408 3608 Recurritur
425 3548 465 3608 ad
488 3549 693 3628 Superiorem
712 3550 842 3632 quando
859 3546 1038 3611 institutum
1059 3552 1117 3613 sub
1135 3553 1201 3617 boc

223 3648 370 3724 respectu
394 3660 461 3706 non
485 3647 603 3724 pendet
630 3648 670 3710 ab
698 3646 865 3728 Episcopo.
890 3677 929 3692 -
952 3647 1136 3712 Recurritur
1158 3651 1200 3715 ad
