2590 4262
465 257 538 302 PARS
565 257 728 304 SPECIALIS.

520 480 650 540 CAPUT
671 482 684 541 I

369 651 371 661 ’
418 647 467 696 De
484 648 634 706 poerrlrln
650 663 781 711 genere.
843 653 854 670 ·

156 816 250 874 Poeua
276 817 324 875 est
340 813 428 894 justa
448 812 550 875 delicti
567 799 695 896 patiti),
719 833 775 877 seu
796 816 916 876 malum
935 816 1092 894 passionis

113 913 237 973 illatum
255 911 297 973 ob
317 911 436 972 malum
458 912 604 975 actionis.
622 916 718 974 Poena
733 913 946 975 ecelesiastica
961 930 1094 990 praeser-

115 1009 175 1071 tim
188 1010 221 1070 in
235 1009 409 1088 privatione
425 1011 571 1074 consistit
584 1033 592 1086 ;
614 1012 764 1073 delinitur
778 1032 785 1072 ε
806 1010 975 1072 delictorum
989 1011 1093 1071 aeaei-

118 1108 158 1167 tio
173 1105 213 1166 ad
223 1106 270 1166 rei
280 1104 511 1184 eoeodatiooem,
532 1108 579 1169 vel
594 1107 757 1189 disciplina·
767 1108 898 1189 publica
915 1106 1085 1171 vindictam.

157 1207 296 1268 Potestas
314 1205 476 1282 infligendi
494 1223 602 1284 poenas
621 1205 774 1266 Ecclesiae
790 1205 954 1284 competit,
970 1211 1040 1266 tum
1054 1222 1110 1284 ex,

116 1306 230 1363 natura
251 1301 411 1363 societatis
429 1302 590 1381 perlectae,
612 1307 679 1363 tum
704 1321 741 1364 ex
764 1304 924 1379 uoluntate
951 1302 1088 1375 Christi3

113 1399 293 1478 jurisdictio
317 1397 463 1459 animab
490 1399 559 1478 ipso
582 1398 731 1462 Ecclesia
757 1401 880 1474 collata,
902 1405 1018 1479 praeter
1032 1417 1091 1478 po·

117 1501 265 1558 testatem
285 1496 406 1557 terendi
429 1497 525 1574 leges,
549 1497 775 1573 complectitur
789 1497 884 1557 etiarn
903 1502 1092 1576 potestatem

114 1592 282 1672 judicandi
297 1597 327 1654 et
340 1592 504 1672 puniendi.
977 1586 985 1596 '

154 1739 222 1791 Aur.
242 1739 265 1792 l.
288 1737 392 1792 Divisio
406 1753 561 1810 poenarum
576 1738 607 1793 in
621 1737 849 1808 variasspeoies,

152 1829 220 1880 Aur.
238 1828 270 1880 ll.
288 1825 471 1882 conditiones
482 1826 629 1896 requisitae
645 1825 681 1881 ad
696 1841 794 1897 paenas
806 1824 990 1897 infligendas.

483 2039 703 2094 ARTICULUS
722 2040 736 2094 1

191 2171 211 2234 ¹>
314 2205 409 2245 orvrsro
424 2205 558 2245 roeusauu
576 2206 606 2244 ru
624 2205 719 2246 vaurts
738 2206 839 2246 seuerus
855 2187 900 2260 (1)ss

160 2357 263 2416 Poenae
277 2353 459 2414 dividuntur
471 2352 594 2414 ratione
605 2354 654 2414 vel
670 2369 886 2432 personarum,
902 2355 950 2415 vel
964 2353 1094 2431 objecti,

121 2455 169 2514 vel
184 2451 334 2528 finis,¹vel
349 2449 515 2530 modique
530 2454 721 2526 statuuntur,
738 2452 787 2512 vel
804 2451 891 2512 modi
909 2469 971 2530 quo
991 2450 1097 2510 iucur-

121 2556 246 2612 runtur.
1081 2600 1086 2610 ¹

159 2651 183 2711 1.
203 2648 327 2708 Ratione
342 2663 545 2728 personarum,
565 2644 635 2705 aliae
653 2645 805 2705 dicuntur
823 2662 918 2726 poeaoe
938 2661 1098 2702 commatres

121 2763 198 2826 quas
215 2745 376 2806 incurrere
394 2746 526 2824 possunt
539 2741 648 2803 alerici
666 2746 698 2802 et
714 2740 799 2815 laiei,
818 2760 847 2802 v.
865 2761 895 2819 g.
913 2755 1098 2800 excommu-

121 2843 250 2917 niaatio,
267 2841 484 2915 interdictum,
509 2837 643 2917 privatio
660 2839 830 2915 sepulturae
847 2835 1096 2909 ecclesiastieae;

122 2941 192 3002 aliae
208 2946 280 3000 sunt
289 2954 386 3018 poeoae
397 2935 528 3016 propriae
541 2933 723 3008 elericorum,
738 2952 766 2994 v.
785 2952 815 3013 g.
832 2931 1009 3010 suspensio,
1031 2932 1098 3008 pri-

123 3039 204 3100 vatio
219 3035 459 3108 benefioiorum,
473 3032 644 3110 depositio

163 3138 202 3197 11.
217 3133 341 3195 Ratione
351 3130 466 3211 objecti,
484 3145 586 3207 poenae
596 3127 779 3188 dividuntur
792 3127 824 3186 iu
839 3125 1016 3208 spirituales,
1028 3145 1098 3205 quae

121 3234 172 3312 jus
184 3236 239 3293 aut
251 3230 372 3291 bonum
386 3226 515 3306 aliquod
534 3223 696 3310 spirituale
712 3222 878 3299 adimunt;
900 3231 931 3286 et
945 3223 979 3284 in
994 3232 1101 3305 tempo·
1195 3309 1198 3314 Ι

120 3329 209 3404 rates,
229 3328 343 3406 quibus
372 3331 426 3386 aut
449 3323 570 3384 bonum
593 3322 770 3400 temporale
785 3311 980 3384 subtrahitur
997 3322 1101 3404 pana

123 3423 305 3507 privativa),
321 3429 375 3485 aut
391 3422 510 3482 malurn
530 3419 707 3499 temporale
733 3418 888 3496 infligitur
905 3417 1010 3500 (poeaae
1024 3418 1101 3498 posi·
1168 3481 1175 3490 ⁸

156 3599 187 3659 (t)
199 3595 424 3658 sclrmalzgruaber,
436 3594 481 3642 las
497 3591 698 3653 eeclesiasticam,
708 3591 750 3640 lib.
761 3591 790 3652 V,
802 3591 840 3639 tit.
854 3603 947 3638 xxusu.
