2604 4264
507 297 581 344 PARS
603 295 767 344 sedullus.

501 530 721 588 ARTICULUS
738 532 767 585 ll

411 710 446 750 DE
463 709 626 750 COLLATIONE
649 707 856 749 BENEFICIORUM·

188 891 212 950 l.
227 887 360 948 Prova'sio
377 886 607 948 beneficiorum
622 890 670 948 est
684 884 823 945 concessio
834 881 974 974 ,buwfieii
995 883 1125 953 vocantis

135 982 228 1062 facto
242 981 277 1041 ob
296 980 418 1042 tabente
425 986 607 1060 potestatem.
625 981 669 1040 Ea
696 977 815 1056 triplici
834 977 1037 1060 potissimum
1051 984 1126 1039 actu

139 1079 326 1158 perficitur:
343 1081 374 1137 1ο
386 1077 591 1156 Designationa
599 1073 844 1156 personoeidooeoe
853 1091 909 1154 per
921 1074 1122 1152 electionem,

139 1175 436 1255 praesentationem,
463 1177 511 1236 vel
532 1175 627 1234 etiam
646 1190 704 1252 per
722 1173 919 1233 voluntatem
943 1173 1121 1246 collatoris;

137 1279 177 1336 2⁰
195 1273 356 1335 Collatiooe
367 1271 451 1333 tituli
462 1289 516 1332 seu
524 1272 603 1351 juris
616 1270 763 1332 beneficii
777 1287 834 1348 per
849 1270 1124 1332 confirmationem

141 1373 182 1430 R.
197 1371 358 1432 Pontificis
373 1370 476 1449 quoad
494 1371 704 1447 episcopatus,
728 1371 759 1429 et
772 1385 830 1446 per
845 1369 1048 1429 collationem
1069 1386 1126 1430 seu
1187 1401 1189 1407 ·

138 1468 375 1530 institutionem
394 1467 542 1549 Episcopi
561 1467 670 1545 quoad.
685 1465 841 1527 beneficia
862 1466 1002 1540 min0ra3
1028 1468 1060 1526 3ο
1073 1465 1125 1526 Io-

141 1563 328 1624 trodoctiooo
341 1564 370 1624 io
377 1563 585 1644 possessionem
600 1561 739 1644 beneficii,
759 1580 814 1624 seu
833 1563 1034 1626 institutione
1052 1579 1121 1624 eor·

142 1663 261 1741 porali.

183 1761 258 1822 Sola
270 1776 414 1838 personae
429 1759 615 1838 designatio,
629 1757 752 1820 scilicet
767 1757 892 1831 electio,
908 1757 1121 1836 presentatio,

136 1857 271 1918 collatio
286 1857 430 1924 nondum
440 1861 604 1938 acceptata
614 1857 718 1918 solum
727 1855 780 1936 jos
793 1855 832 1918 od
845 1874 907 1916 rem
920 1856 1049 1930 tribuit;
1067 1855 1122 1916 sed

139 1955 341 2020 confirmatio
356 1954 528 2029 electionis,
546 1953 702 2016 institutio
717 1954 909 2034 praesentati,
925 1953 1053 2016 collatio
1071 1970 1124 2015 ac·
1171 1963 1172 1967 ’

140 2053 329 2132 reptatajos
341 2053 371 2112 in
383 2071 416 2112 re
433 2054 620 2117 conferunt..

184 2153 222 2213 ll.
238 2151 400 2228 Multiplex
421 2151 565 2230 provisio
578 2149 793 2229 distinguitur.
809 2182 850 2196 -
872 2154 904 2213 l.
929 2149 969 2212 vi
992 2167 1123 2229 compe·
1204 2206 1206 2210 ,

141 2250 252 2313 tentiae
266 2249 426 2312 collatoris
450 2249 510 2310 alia
533 2253 579 2310 est
597 2247 766 2323 *ordinario
789 2248 850 2310 alia
867 2247 1118 2312 eactroordinorio.

141 2350 189 2409 Es
208 2349 317 2426 regula
339 2345 488 2425 generali,
508 2347 656 2406 Summus
674 2347 819 2408 Pontifex
830 2348 955 2408 confert
969 2345 1123 2420 beneficia

138 2445 265 2525 majora
278 2462 315 2505 ao
336 2444 515 2523 praesertim
529 2444 747 2524 episcopatus;
771 2447 856 2507 unde
877 2445 1012 2507 habetur
1032 2444 1123 2506 notio

137 2541 329 2619 provisionis
352 2540 517 2602 ordinariae.
541 2541 574 2602 Si
589 2559 662 2605 vero
683 2545 731 2605 vel
755 2560 792 2604 ox
809 2544 902 2605 titulo
922 2543 1051 2622 speciali
1071 2543 1123 2619 jus

139 2637 351 2701 institutionis
364 2640 402 2699 ad
417 2639 548 2700 tertium
561 2645 692 2718 spectat,
706 2643 755 2702 vel
772 2659 809 2702 ex
817 2641 890 2720 jure
910 2638 1121 2702 devolutionis

135 2739 179 2799 od
194 2737 389 2817 superiorem
405 2739 526 2810 transit,
543 2739 592 2800 vel
607 2739 632 2798 si
647 2741 794 2816 quaedam
808 2739 964 2800 beneficia
978 2734 1123 2814 speciali-

139 2841 189 2898 ter
203 2838 241 2896 R.
258 2835 405 2896 Pontifici
419 2840 628 2913 reservantur,
644 2854 681 2897 ea
698 2836 837 2916 provisio
851 2835 968 2896 dicitur
983 2843 1121 2926 entraor-

136 2934 267 2997 dietario.

179 3035 210 3093 2.
235 3034 422 3093 Praelaturas
444 3029 574 3109 respicit
597 3031 721 3103 eleoti0,
746 3031 786 3089 de
810 3047 871 3110 qua
896 3029 1043 3106 diximus,
1066 3030 1122 3093 uhi

139 3142 322 3188 sermonem
341 3126 509 3188 habuimus
524 3130 594 3186 tum
620 3127 660 3186 de
674 3124 796 3186 Summo
812 3124 966 3207 Pontifice,
987 3132 1056 3189 tum
1080 3130 1120 3192 de

140 3223 302 3306 Episcopo.

179 3323 300 3384 Praeter
317 3322 518 3397 electionem,
537 3319 740 3400 distinguitur
760 3322 888 3384 collatio
905 3325 951 3386 vel
965 3323 1058 3386 libero
1074 3325 1134 3406 vel,

140 3419 309 3479 necessario.
322 3419 455 3481 collatio
471 3417 563 3478 libero
578 3423 636 3494 est,
655 3437 725 3498 quae
737 3420 809 3500 jure
824 3440 951 3500 prorsus
967 3422 1122 3502 indepen-

142 3515 228 3577 denti
242 3521 417 3578 exercetur.
432 3516 565 3579 collatio
579 3519 749 3596 necessario,
763 3518 817 3582 se'u
827 3519 978 3600 institutio,
991 3522 1030 3583 ad
1043 3537 1123 3600 prae-

139 3614 353 3676 sentationem
368 3618 415 3676 est
428 3612 589 3676 adstricta.
