2604 4264
467 309 540 356 PARS
562 311 725 360 sederatis,
1026 315 1078 364 tlt

143 436 181 496 ll.
208 429 308 510 oripo.
321 427 525 490 -Benelieia
542 429 588 490 sic
606 435 737 508 accepta
756 430 914 509 prioribus
929 425 1079 496 Ecclesiae

97 531 228 598 sacculis
240 526 350 606 ignota
360 526 495 586 fuerunt.
509 525 667 603 Equidem
677 543 803 604 semper
812 530 935 591 clericis
944 532 995 610 jus
1007 532 1077 606 luit,

96 633 237 711 propter
256 622 410 698 officium,
443 623 481 683 de
497 623 587 684 altari
601 623 722 699 vivere;
746 626 858 686 modus
881 634 997 705 autem,
1016 645 1080 708 quo

96 729 238 792 clericus
260 719 483 784 ecclesiasticis
506 721 599 784 bonis
621 723 748 797 fruitur,
770 725 907 801 pertinet
925 727 965 787 ad
983 727 1081 788 disei-

95 827 237 906 punam,
255 837 326 899 quae
341 837 407 879 non
421 819 533 880 eadem
547 820 634 880 omni
648 825 741 882 aetate
757 829 813 884 est.

145 916 196 983 Ab
207 915 418 980 initiossclerioi
431 934 468 977 ex
478 917 642 979 communi
659 917 770 980 aerario
783 920 934 983 alimenta
945 911 1081 1002 accipie-

96 1021 190 1082 bant.
209 1020 316 1094 Lapsu
329 1021 511 1092 temporum
527 1015 669 1096 (ineunte
686 1020 870 1095 satalon),
887 1020 969 1079 iacta
982 1018 1080 1081 bono·

97 1129 175 1175 rum
191 1109 355 1184 divisione,
374 1108 451 1170 certi
464 1108 585 1169 reditus
602 1109 793 1190 presbyteris
814 1111 852 1172 ab
867 1112 1025 1191 Episcopo
1047 1113 1079 1172 in

97 1209 338 1274 usumfructum
361 1204 626 1267 concedebantur.
643 1201 833 1286 Hujusmodi
859 1207 1079 1284 concessiones

97 1308 199 1371 veluti
214 1307 361 1386 quaedam
383 1303 610 1366 beneficiorum
631 1303 784 1385 imagines
806 1307 992 1379 extiterunt3
1015 1321 1080 1366 non

97 1409 191 1469 erant
212 1402 340 1483 proprie
359 1401 445 1462 diota
466 1401 631 1479 beneficia,
658 1403 816 1482 siquidem
831 1405 962 1484 praedia,
983 1405 1081 1466 modo

92 1502 247 1583 precario
272 1500 362 1562 etad
387 1498 481 1560 breve
505 1503 632 1579 tempus
657 1503 747 1578 data,
774 1507 876 1564 morte
901 1502 1009 1564 clerici
1032 1503 1081 1563 rel

95 1603 213 1681 elapso
223 1603 364 1677 tempore
374 1596 587 1661 concessionis
600 1599 639 1659 ad
653 1599 820 1662 ecelesiam
832 1597 1079 1662 revertebantur.

97 1696 262 1760 Paulatim
275 1711 348 1757 vero
367 1694 557 1772 factumest,
575 1700 611 1757 ut
632 1697 727 1757 certis
748 1698 903 1776 ejusmodi
922 1688 1080 1759 bonorum
1118 1737 1121 1743 -

101 1793 393 1858 ecclesiasticorum
408 1791 551 1870 partibus
561 1811 634 1854 suus
645 1793 760 1873 cuique
771 1795 881 1857 titulus
896 1787 927 1857 et
939 1795 1080 1857 oldoium

99 1889 1081 1973 spiritualeperpetuoadnecteretur.Indebenedoiaoriginem
1153 1965 1154 1970 ἵ

102 1987 328 2068 duxerunt(l).

313 2186 428 2246 Quasrro
442 2188 475 2235 2¹.
491 2211 521 2220 -
534 2185 659 2236 Vlarnrls
673 2197 863 2235 nunnrreronmr.

141 2339 375 2405 Beneficiorum
387 2338 481 2399 variae
494 2342 566 2398 sunt
578 2338 715 2417 speeies3
737 2337 920 2400 dividuntur
932 2339 1018 2400 enim
1031 2339 1079 2400 vel

100 2440 224 2502 ratione
234 2437 329 2500 officii
342 2434 525 2514 spiritualis,
532 2435 580 2496 vel
593 2435 715 2498 ratione
723 2437 1079 2518 personarumaquibus

99 2539 319 2610 conferuntur,
334 2535 383 2594 vel
406 2531 528 2606 ratione
541 2549 649 2594 earum
671 2532 785 2612 quibus
799 2536 1014 2612 conferuntur,
1029 2535 1079 2596 vel

100 2655 139 2700 ex
167 2636 289 2697 diversa
316 2630 500 2694 conterendi
526 2631 662 2708 ratione,
690 2633 737 2694 vel
766 2631 889 2710 ratione
915 2629 1079 2710 perpetui-

100 2733 186 2796 tatis.
449 2796 452 2802 ,
601 2728 607 2739 '
645 2782 648 2788 .

139 2832 168 2895 1.
191 2829 323 2891 Ratione
342 2826 439 2888 officii
454 2825 626 2904 spiritualis
644 2827 744 2888 multa
759 2829 833 2887 sunt
853 2821 1080 2886 beneficiorum

101 2947 217 3012 genera
234 2947 241 2988 ε
798 2917 800 2920 ’

142 3030 169 3088 l.
184 3025 372 3088 Dividuntur
381 3023 415 3083 in
429 3022 543 3103 majora
558 3028 589 3084 et
600 3022 723 3082 minora.
733 3017 905 3098 lllajoribus
917 3014 1080 3078 adhaerent

99 3124 199 3205 primi
229 3124 263 3184 in
290 3120 431 3182 Ecclesia
457 3121 571 3200 gradus
594 3135 668 3180 cum
698 3122 825 3178 externa
845 3111 1077 3193 jurisdictione,

98 3243 128 3287 v.
151 3241 179 3303 g.
204 3219 420 3293 Pontificatus,
439 3217 639 3296 episcopatus
652 3219 689 3276 et
707 3212 841 3275 abbatiae
859 3210 973 3290 quihus
985 3209 1080 3290 juris-

99 3321 200 3388 dictio
213 3319 303 3399 quasi
319 3316 508 3398 episcopalis
522 3313 687 3393 competit.
704 3311 826 3376 Minora
842 3314 1010 3374 censentur
1028 3323 1080 3370 re-

98 3416 365 3499 liquahenefioia.

139 3521 170 3578 2.
193 3515 261 3577 Alia
283 3518 357 3576 sunt
379 3510 536 3594 simplicio,
558 3510 620 3573 alia
637 3507 775 3591 duplicia.
804 3503 1012 3586 simplicibus
1032 3503 1078 3563 in·

130 3669 166 3734 (l)
175 3669 288 3730 Berardi,
306 3665 489 3719 Commentario
501 3664 527 3716 ia
543 3661 590 3716 lib.
607 3664 649 3717 lll
659 3661 840 3728 Decretalium²
849 3661 947 3714 dissert.
958 3657 980 3722 1,
993 3667 1048 3718 esp.
1059 3663 1076 3702 r.
