2604 4264
464 226 538 272 PARS
569 224 733 271 saumatis
1033 226 1086 276 105

102 348 235 414 tiuntur
244 346 350 428 primo
367 345 663 426 incongregatione
677 345 963 426 anteproeparataata
977 363 1086 408 coram

103 446 264 509 cardinali
284 449 442 526 ponaute3
466 443 583 506 deinde
596 443 628 504 ia
643 443 871 522 praeparatoria
883 461 992 510 coram
1007 447 1088 508 Gon·

101 545 293 626 gregatione
316 545 460 618 Rituum3
481 545 609 606 tandem
628 542 928 624 incongregatione
949 544 1088 624 generali

102 659 219 704 coram
231 645 268 703 R.
282 641 447 703 Pontiticc.
582 705 589 716 ,
794 703 797 710 ,

149 742 279 818 Quarta,
295 739 483 819 proponitur
497 740 632 801 alterum
647 739 780 802 dubium
798 757 859 802 :an
877 743 908 802 et
920 737 959 805 de
971 741 1088 820 quibus

106 838 272 900 miraculis
296 837 437 900 constet?
455 839 586 898 Factum
607 844 714 900 autem
737 837 963 900 miraculorum
982 839 1088 902 Cardi-

1 994 2 1014 ,
104 939 200 998 nales
214 935 390 1017 approhare
405 953 468 997 non
484 937 598 1009 solent,
614 937 673 998 nisi
689 941 878 998 concurrant
891 935 1003 999 saltem
1017 938 1088 1002 duaa

104 1037 217 1112 partes
230 1033 465 1107 consultorum;
476 1049 587 1112 neque
600 1035 637 1094 R.
653 1032 810 1108 Pontilex,
824 1031 886 1094 nisi
897 1035 1088 1096 concurrant

104 1133 175 1194 scre
190 1149 300 1193 omnes
312 1131 504 1192 cardinales.

151 1229 279 1303 Quinto,
296 1227 345 1288 his
363 1228 510 1289 omnibus
524 1228 585 1292 lite
599 1229 748 1309 peractio,
763 1228 928 1292 devenitur
937 1226 1088 1308 regulari-
1112 1234 1118 1247 “

107 1331 161 1389 tc'r
174 1327 213 1388 ad
226 1327 505 1402 beatificationem.
642 1329 643 1334 ’

144 1428 181 1486 2.
206 1423 312 1486 Formo
321 1423 500 1506 procedendi
513 1424 553 1485 ad
571 1424 827 1488 canonizationem.
842 1427 918 1488 Post
931 1423 1090 1486 beatillca·

108 1523 246 1600 tionem,
271 1523 309 1582 ad
325 1523 597 1586 canonizationem
618 1541 683 1586 non
697 1524 883 1604 proceditur
903 1523 965 1584 nisi
986 1522 1090 1584 conti·

106 1626 228 1683 nuante
251 1622 333 1684 lama
362 1623 546 1698 sanctitatis,
568 1627 600 1684 et
614 1627 804 1706 superventu
823 1637 978 1689 navorum
993 1620 1089 1681 mira-

106 1721 257 1782 culorum
270 1721 381 1782 saltem
397 1721 547 1782 duorum.

123 1807 125 1812 ’
150 1817 275 1880 Auditis
297 1817 386 1900 novis
406 1819 578 1892 miraculis,
598 1818 751 1897 novisque
772 1817 932 1898 precibus,
950 1815 1090 1896 signatur

106 1917 306 1992 commissio,
324 1935 490 1996 processus
505 1917 730 1980 coniiciuntur.
746 1920 782 1979 ln
797 1908 898 1978 tribus
913 1931 1088 1994 congrega·
1124 1945 1126 1949 ·

106 2014 250 2078 tionibus
264 2015 485 2077 examinantur
496 2031 677 2094 processus,
691 2015 839 2076 sanctitas
853 2013 937 2090 vitae,
952 2014 1089 2074 miracu-

107 2114 150 2176 la.
164 2110 287 2174 Deinde
301 2113 491 2192 proponitur
505 2111 639 2174 dubium
654 2132 661 2172 :
678 2130 718 2174 an
730 2112 913 2194 approbatis
927 2110 1087 2173 miraculis

105 2216 176 2274 tuto
192 2211 335 2272 deveniri
349 2209 450 2290 possit
463 2211 502 2270 ad
519 2205 815 2272 canonizationem.

148 2307 313 2371 Absolutis
327 2308 525 2370 consistoriis
536 2308 666 2386 privata,
679 2308 809 2387 publica
822 2313 853 2369 et
863 2301 1086 2386 semipublico,
1111 2309 1113 2313 ’

105 2407 253 2468 Pontifex
273 2423 306 2468 se
322 2406 458 2468 aliorum
478 2405 676 2468 orationihus
703 2405 917 2484 commendat,
938 2403 1089 2484 diemque

106 2505 296 2584 peragendae
310 2502 557 2566 canonizationis
571 2503 682 2567 statuit
696 2502 750 2586 (t).

246 2729 360 2791 Quasrro
371 2731 404 2783 2¹.
415 2729 555 2791 -·Quan1s
569 2743 659 2782 carras
671 2730 775 2782 sanaris
786 2740 951 2782 nxnusaran.

141 2915 170 2991 l.
192 2911 300 2977 Cnltas
314 2911 414 2974 Bautis
430 2911 606 2974 calciandas
622 2912 745 2994 duplici
767 2910 876 2988 regula
898 2902 1088 2968 determina·

107 3018 166 3074 tur.
184 3012 218 3075 si
232 3029 337 3074 sermo
353 3011 394 3073 sit
406 3011 446 3072 de
460 3012 564 3074 Beatis
573 3009 865 3072 immemorabilem
880 3004 1000 3066 cultum
1014 3023 1086 3083 pos·

106 3109 294 3186 sidentibus,
312 3109 359 3171 illi
379 3115 468 3172 actus
483 3111 586 3172 cultus
602 3109 647 3170 eis
667 3106 886 3180 exhibeantur,
905 3119 984 3182 quos
1002 3100 1086 3165 abti-

106 3212 336 3370 nufilalagtllcatis
357 3323 431 3368 vero
455 3323 493 3368 ax
521 3305 649 3366 indulto
675 3281 850 3380 Pontificis,
875 3299 1085 3364 adhibeantur

106 3414 193 3470 actus
205 3406 239 3466 in
253 3405 381 3471 indulto
394 3402 562 3482 designati.

138 3597 169 3657 (l)
179 3592 328 3650 Benedictus
339 3591 404 3652 xlll,
416 3591 448 3640 de
464 3590 653 3656 Beatificattana
662 3588 886 3640 atcananizattnna
898 3585 1054 3636 saltatorum.
