2604 4264
223 213 275 260 168
391 205 547 254 Exrosmo
568 202 746 250 usraoblca
763 204 846 254 JURIS
869 208 1024 255 canonica.

224 419 340 480 Qutsrro
353 420 388 466 2·.
398 441 426 452 -
439 415 475 464 An
487 425 640 464 umsrrcnrr
649 424 792 463 rrnrsnrun
806 428 910 467 aturrus
921 429 1074 467 sumarnuos
1086 429 1213 467 anocsrur

609 505 636 541 m
647 504 735 543 cauma
746 506 808 545 rus.

262 654 287 713 Ι.
306 653 394 712 Hanc
413 646 639 726 obligationem
660 664 786 724 gravem
801 664 911 709 omnes
927 648 1080 711 Ecclesiae
1104 665 1211 710 cano-

224 767 279 812 nes
293 753 348 810 aut
361 749 541 826 imponunt,
556 749 610 805 aut
623 745 804 824 impositam
818 750 1003 826 agnoscunt.
1019 748 1055 809 ld
1073 747 1208 824 colligi-

223 852 274 910 tur
290 863 356 908 non
372 849 495 906 tantum
511 860 548 904 ex
564 842 702 920 antiquis
714 844 900 920 canonibus,
918 861 1025 906 verum
1043 843 1143 906 etiam
1165 862 1204 906 ex

221 941 364 1007 Concilio
378 941 565 1002 Tridentino
579 940 631 1020 (l),
642 941 727 1018 quod
739 941 903 1024 interdicit
914 945 1093 1023 Episcopis,
1109 962 1152 1006 ne
1164 962 1204 1007 ex

222 1039 376 1104 reditibus
397 1038 547 1100 Ecclesia
561 1039 811 1118 consanguineos
826 1046 879 1102 aut
890 1042 1061 1104 familiares
1082 1060 1203 1122 augere

223 1139 381 1201 studeant.

262 1237 304 1299 Π.
323 1236 414 1298 Unde
429 1234 548 1297 oriatur
559 1233 629 1294 hac
645 1233 817 1314 obligatio?
827 1237 949 1314 Duplex
966 1242 1013 1299 est
1027 1238 1200 1302 sententia.

264 1339 295 1396 l⁰
319 1336 439 1408 Plures,
465 1330 643 1410 praesertim
673 1348 711 1392 ex
735 1332 976 1411 antiquioribus,
1003 1333 1204 1396 arbitrantur

223 1433 305 1494 banc
329 1428 554 1508 obligationem
573 1428 649 1489 oriri
671 1445 709 1489 ex
724 1429 833 1492 stricta
846 1429 983 1509 justitia3
1003 1447 1039 1490 ac
1060 1429 1204 1510 proinde

223 1530 357 1593 clericos
375 1527 596 1605 impendentes
613 1528 771 1604 superflua
786 1527 820 1587 in
837 1545 910 1588 usus
929 1529 1079 1607 profanos
1097 1528 1203 1589 teneri

224 1627 264 1687 ad
275 1623 508 1686 restitutionem
517 1627 571 1683 aut
581 1623 730 1684 Ecclesia
740 1628 793 1685 aut
803 1625 996 1705 pauperibus
1006 1625 1201 1687 faciendam.

262 1720 356 1783 Prob.
375 1725 404 1782 l.
425 1720 610 1781 auctoritate.
627 1724 858 1801 Argumentum
873 1722 1102 1803 praebentium
1116 1721 1202 1783 anti·

224 1821 278 1900 qui
297 1835 433 1881 canones
450 1823 622 1881 asserentes
643 1818 727 1880 bona
745 1820 956 1882 ecclesiastica
974 1837 1041 1882 esse
1052 1819 1201 1900 patrimo

222 1919 304 1979 niam
324 1916 447 1993 Christi,
467 1935 514 1977 res
531 1916 682 1991 Ecclesiae,
702 1917 912 1998 patrimonium
924 1935 1112 1999 pauperiem
1128 1922 1201 1978 tum

224 2015 375 2078 Ecclesia
386 2016 503 2088 Patres,
519 2015 573 2094 qui
586 2014 661 2076 lurti
676 2019 707 2075 et
719 2015 837 2093 rapinae
852 2031 923 2076 reos
935 2014 1055 2077 iaciunt
1066 2013 1201 2076 clericos

224 2114 438 2190 expendentes
446 2110 566 2172 reditus
579 2111 811 2173 ecclesiasticos
823 2113 856 2172 in
869 2113 1018 2190 profanos
1030 2130 1116 2174 usus.

263 2208 355 2272 Prob.
384 2213 413 2271 E.
438 2209 563 2284 ratione,
592 2208 715 2269 scilicet
738 2226 776 2269 ex
800 2209 977 2270 intentione
1003 2210 1145 2270 fidelium
1170 2215 1200 2271 et
1290 2287 1291 2299 ἢ

225 2308 385 2370 Ecclesiae.
402 2306 526 2368 Fideles
539 2306 670 2385 quidem
682 2306 766 2368 bona
780 2324 835 2368 sua
849 2307 1007 2369 dederuut
1020 2307 1060 2367 ad
1075 2311 1197 2368 susten-

227 2405 379 2468 tationem
395 2404 596 2480 clericorum‚
609 2409 641 2466 at
650 2404 744 2464 simul
754 2404 793 2464 ad
808 2403 1011 2466 sublevamen
1022 2422 1196 2483 pauperum

172 2579 174 2584 Ι
223 2508 256 2566 et
263 2503 341 2565 alios
355 2521 429 2564 usus
444 2502 528 2583 pios;
543 2503 711 2565 voluerunt
721 2518 908 2580 promovere
921 2503 1042 2564 cultum
1052 2504 1120 2577 Dei,
1138 2503 1196 2563 mi-

227 2602 395 2680 nimerero
417 2602 526 2662 luxum
539 2598 728 2661 clericorum
748 2600 864 2661 lovere.
879 2601 987 2677 Neque
1002 2600 1145 2661 Ecclesia
1159 2616 1197 2661 ex
1288 2643 1289 2656 ,

226 2699 288 2761 fine
301 2716 358 2759 suo
371 2697 463 2759 aliter
477 2714 512 2758 ea
527 2696 612 2758 bona
625 2699 778 2774 acceptat,
793 2700 825 2757 et
839 2701 1003 2776 acceptata
1016 2697 1050 2756 in
1063 2697 1195 2758 clericos

224 2797 359 2871 confert,
376 2795 436 2856 nisi
450 2799 486 2857 ut
498 2796 531 2855 in
544 2795 615 2872 pios
629 2812 703 2855 usus
721 2793 955 2872 impendantur.

262 2897 294 2955 2⁰
311 2893 373 2955 Alii
392 2889 767 2955 canonistae'existimant
780 2890 872 2950 istam
888 2891 1117 2970 obligationem
1130 2909 1192 2954 non

223 2990 299 3051 oriri
312 3008 349 3053 ex
362 2991 470 3052 stricta
482 2988 614 3069 justitia,
632 2989 687 3050 sed
702 3005 740 3050 en
754 2987 867 3050 virtute
883 2988 1043 3066 rellgionis
1062 2994 1095 3051 et
1112 2989 1192 3066 posi·
1286 3021 1287 3024 κ

222 3085 286 3147 tivo
306 3091 469 3165 praecepto
490 3083 655 3159 Ecclesiae;
676 3083 882 3162 quamobrem
903 3084 1055 3146 abunere
1074 3085 1191 3146 restitu·
1285 3147 1286 3164 p

222 3182 319 3244 tionis
335 3189 485 3246 excusant
499 3183 632 3245 clericos
645 3183 803 3261 superflua
815 3183 1015 3262 dissipantes.

262 3279 356 3340 Prob.
378 3285 407 3342 l.
424 3282 469 3342 Ex
491 3281 613 3360 origine
633 3278 859 3342 beneficiorum
879 3298 961 3358 quaa,
983 3286 1140 3343 reservata
1155 3280 1190 3342 ab

223 3374 316 3437 initio
339 3381 427 3454 parte
444 3379 585 3441 ecclesiis
600 3383 632 3441 et
650 3377 843 3458 pauperibus
857 3378 1055 3457 obveniente,
1074 3379 1193 3459 potissi·

254 3546 288 3608 (1)
299 3545 365 3598 sess.
380 3547 456 3609 XXV,
466 3559 520 3610 cap.
538 3563 557 3612 r,
566 3547 597 3599 dc
608 3549 719 3613 Reform.

1284 3181 1286 3215 l
