2618 4252
262 307 317 352 tet
430 303 587 349 Exroslrio
609 303 786 350 Metuentes
807 305 890 350 touls
913 305 1070 350 ottoniel.

503 509 519 572 ἓ
534 509 560 560 3.
576 537 607 546 -
622 508 763 574 depositio
777 514 808 562 et
821 509 995 576 depredatio.
1286 573 1287 624 ἰ

299 667 465 750 Ejusmodi
480 685 582 746 poenae
600 671 673 729 sunt
688 669 832 730 omnium
849 669 1040 749 gravissimae
1056 674 1224 734 contracte·

259 768 354 830 ricos.
370 765 583 848 Depositionis
596 782 713 827 nornen
728 769 793 829 lato
806 785 901 828 sensu
915 771 1087 846 acceptum
1100 767 1222 848 designat

260 863 495 950 depositionem
518 863 697 941 simplicem
718 868 749 926 et
768 865 1031 944 degradationem
1056 885 1063 926 ι
1085 865 1223 944 depositio

258 963 365 1024 stricte
384 961 546 1022 intellecta
560 961 764 1040 distinguitur
778 961 1048 1041 adegradatione.
1286 959 1287 1036 Ῑ

297 1059 323 1119 1.
346 1057 492 1138 Deposttto
516 1062 563 1118 est
588 1075 682 1137 poena
706 1059 932 1134 ecclesiastica,
956 1062 1019 1138 qua
1048 1057 1224 1121 clericusin

258 1161 450 1234 perpetuum
471 1153 609 1234 privatur
624 1174 683 1216 usu
702 1158 866 1236 potestatis
886 1162 957 1218 tum
976 1156 1100 1218 ordinis
1114 1161 1176 1218 tum
1187 1157 1227 1234 ju·
1286 1155 1287 1202 t

258 1251 470 1324 indictionis,
505 1269 628 1314 necnon
652 1253 739 1314 omni
762 1253 832 1331 jure
855 1256 894 1315 ad
909 1254 1119 1336 :beneficium
1141 1253 1224 1315 valide
1286 1255 1287 1304 ἶ

260 1350 491 1429 possidendum
508 1347 560 1428 (i).
1286 1355 1287 1436 t

300 1451 411 1509 Fertur
433 1446 480 1506 vel
504 1445 644 1508 totaliter
664 1429 685 1507 a
705 1445 853 1528 beneficio
881 1445 980 1530 efficto
1003 1455 1035 1511 et
1057 1447 1223 1523 ordice;vel

259 1545 436 1625 partialiter
455 1560 473 1602 a
497 1541 643 1623 beneficio,
659 1546 709 1606 vel
728 1543 827 1626 officio
847 1563 901 1608 seu
918 1565 978 1608 usu
994 1542 1222 1626 jurisdictionis,
1286 1559 1287 1580 ¹

176 1652 178 1656 ‘
258 1644 307 1705 vel
321 1641 423 1702 ordine
437 1657 492 1700 seu
507 1659 566 1703 usu
581 1641 714 1704 ordinis.
864 1711 866 1716 ,

299 1742 328 1798 t.
351 1737 561 1816 Distinguitur
582 1755 601 1798 a
621 1738 796 1818 privatione
811 1738 959 1816 beneficii
975 1743 1007 1800 et
1023 1737 1223 1817 suspensione.

259 1931 406 1993 beneficii
430 1930 541 1992 titulus
563 1932 741 2007 auferatur3
768 1934 873 1995 differt
895 1939 1004 1994 tamen
1026 1935 1061 1994 in
1083 1949 1132 2009 eo,
1153 1930 1223 2011 quod

260 2029 421 2108 depositio
435 2030 518 2090 ultra
529 2030 739 2108 privationem
752 2030 899 2094 beneficii
909 2032 1050 2111 possessi
1059 2027 1225 2091 inducatin-

259 2124 459 2186 habilitatem
470 2127 510 2185 ad
525 2124 679 2187 beneficia
694 2126 880 2188 obtinenda.

299 2221 409 2284 Differt
432 2223 528 2282 etiam
555 2241 573 2282 a
594 2223 813 2300 suspensione.
839 2224 998 2301 Equidem
1029 2220 1178 2301 depositio
1199 2223 1223 2279 et

258 2319 423 2398 suspensio
441 2319 634 2380 conveniunt
649 2319 683 2378 in
701 2319 857 2398 pluribus,
875 2320 987 2381 sivein
1003 2337 1044 2381 eo
1058 2319 1140 2398 quod
1153 2319 1222 2376 utra-
1286 2319 1287 2390 t

259 2431 320 2494 que
343 2412 476 2475 clericos
498 2415 626 2490 afficiat,
652 2416 773 2477 sivein
800 2434 838 2478 eo
864 2417 950 2496 quod
976 2413 1221 2494 irregularitatem

258 2511 425 2574 contrahat
455 2511 508 2590 qui
540 2513 780 2590 suspensionem
812 2515 862 2575 vel
896 2513 1133 2592 depositionem
1156 2523 1221 2570 eon·
1286 2497 1287 2580 ξ

257 2609 384 2670 temnit.
1286 2611 1287 2652 t

298 2709 451 2768 Caeterum
473 2704 622 2768 differunt
644 2705 702 2767 sub
724 2708 896 2786 multiplici
921 2713 1097 2786 respectu:
1119 2709 1148 2766 1⁰
1167 2715 1221 2762 sus·
1286 2745 1287 2800 p

258 2805 423 2882 pensionis
445 2820 578 2864 censura
596 2804 696 2866 fertur
714 2806 753 2866 ad
771 2809 917 2883 tempus;
936 2805 1095 2886 depositio
1112 2801 1141 2861 in
1157 2813 1218 2878 per·
1286 2801 1287 2874 ξ

256 2909 392 2980 petuum
406 2903 570 2981 infligitur.
591 2935 631 2948 —
650 2909 681 2966 2⁰
704 2903 876 2983 Suspensio
896 2901 992 2964 etiam
1011 2903 1158 2982 perpetua
1173 2908 1220 2973 per

256 3001 390 3062 modum
408 3017 510 3077 poenae
528 2999 647 3061 indicta
660 3018 724 3061 non
736 2998 846 3061 adimit
860 3001 988 3063 titulum
1003 2993 1157 3070 beneficii,
1170 2987 1219 3050 uisi

256 3098 447 3174 procedatur
458 3097 497 3157 ad
512 3095 734 3174 privationem.
745 3101 826 3160 --30
837 3097 1008 3176 suspensio
1022 3094 1120 3174 infligi
1131 3089 1219 3170 potest

256 3195 537 3273 extrajudicialiter
551 3213 588 3255 ea
602 3195 763 3276 reformato
781 3195 962 3271 conscientia,
985 3196 1062 3255 dum
1081 3182 1217 3268 depositi0
1286 3183 1287 3246 3

255 3305 380 3368 semper
399 3295 446 3352 est
464 3308 558 3370 poena
577 3310 648 3370 quae
670 3293 794 3354 crimen
813 3296 939 3353 certum
954 3307 991 3353 ac
1005 3289 1166 3370 probatum
1178 3295 1218 3340 st·
1286 3321 1287 3370 p

254 3386 373 3465 quitur,
390 3393 484 3466 atquc
501 3389 576 3450 ideo
591 3389 776 3452 citationem
792 3395 846 3452 aut
862 3388 1074 3452 monitionem
1090 3373 1212 3462 requirit.
1286 3375 1287 3410 ³

286 3555 439 3686 (ttiltererdt
457 3555 643 3610 Commentario
655 3560 735 3624 injus
745 3561 949 3621 ecclesiasticum,
960 3566 981 3612 t.
998 3559 1039 3622 tt,
1050 3559 1113 3621 part.
1131 3549 1159 3612 iii
1169 3543 1211 3596 ὥς·

252 3643 314 3687 sert.
369 3672 376 3688 .
