2604 4264
449 314 522 359 PARS
543 312 707 361 saaclams.

123 433 151 486 t.
167 428 312 500 Reliquiae
326 429 507 486 Sanctorum.

118 521 148 574 2.
165 518 258 575 Sacrae
272 518 423 588 imagines.

264 729 378 789 Quasuo
394 732 427 780 1¹.
443 755 474 765 -
487 731 524 780 Dr
536 730 665 790 Ruarouus
678 731 825 782 Saucrouuu
843 731 882 790 (1).

128 895 1060 978 ReliquiarumnomineintelligunturSanctorumoorpora‚

18 1017 21 1024 ·
85 997 119 1056 et
134 987 284 1072 quaelihet
296 995 438 1074 ipsorum
453 995 634 1074 particulam
649 997 726 1057 item
742 996 862 1058 cineres
878 1000 909 1058 et
920 995 1062 1071 pulveres

86 1091 119 1151 in
130 1109 201 1169 quae
213 1109 363 1154 conversa
372 1099 455 1168 sunt,
470 1093 630 1171 eaquibus
640 1099 785 1172 tempore
798 1093 870 1154 vitae
880 1090 1060 1168 utebantur,

85 1193 118 1252 et
135 1189 195 1249 alia
210 1207 281 1267 quae
294 1187 437 1270 ipsorum
451 1207 587 1270 corpora
600 1191 745 1271 tetigere.
840 1213 855 1272 ᾗ

125 1285 151 1345 1.
177 1284 305 1345 illarum
330 1286 445 1366 species.
474 1289 502 1346 t.
529 1286 683 1364 Reliquiae
707 1287 897 1348 Sanctorum
916 1289 989 1346 sunt
1014 1285 1062 1345 vel

86 1381 217 1460 proprie
238 1383 344 1458 diotae,
369 1383 417 1445 vel
438 1382 542 1444 minus
562 1383 703 1462 proprie,
720 1384 768 1444 vel
785 1383 988 1444 sanctificatae
1009 1399 1065 1443 seu

85 1478 378 1558 impropriedictae.

125 1579 178 1638 Ad
191 1577 328 1660 reliquias
337 1578 561 1660 proprr'cdietas
573 1579 693 1641 directe
708 1581 855 1657 spectant
873 1579 1062 1640 Sanctorum

83 1693 234 1754 corpora,
251 1682 282 1738 et
295 1684 400 1754 partes
420 1679 459 1738 ad
474 1677 605 1738 humani
624 1677 768 1755 corporis
785 1676 999 1755 integritatem
1014 1677 1062 1739 vel

83 1769 161 1830 alias
179 1771 358 1845 attinentes,
379 1789 410 1832 v.
435 1789 464 1849 g.
490 1770 668 1846 brachium,
693 1787 773 1845 ossa,
798 1771 919 1845 dentes,
936 1770 1060 1850 capilli;

85 1861 201 1946 quibus
216 1869 299 1929 adde
315 1869 501 1948 sanguinem
514 1869 723 1948 etlacrymas.
1067 1943 1069 1947 ι

123 1968 279 2048 Reliquiis
293 1971 422 2050 proprie
446 1971 541 2032 dictis
564 1971 658 2032 affine
681 1975 728 2032 est
749 1969 834 2030 aliud
858 1969 1064 2046 reliquiarum

83 2081 199 2142 genus,
213 2083 329 2144 nempe
343 2065 450 2146 liquor
464 2067 518 2147 qui
534 2084 572 2128 ex
585 2069 775 2128 Sanctorum
791 2066 997 2128 cadaveribus
1013 2065 1064 2126 de·

85 2161 192 2238 fluxit;
208 2163 257 2224 cui
268 2159 440 2243 adjungere
453 2163 529 2226 licet
537 2164 693 2243 lacrymas
703 2181 742 2224 ex
753 2164 941 2225 Sanctorum
954 2162 1064 2223 statuis

88 2265 144 2322 aut
159 2259 290 2340 picturis
308 2261 464 2339 delapsas·

123 2359 176 2418 Ad
191 2357 328 2440 reliquias
349 2359 446 2420 miuus
453 2357 577 2440 proprie
591 2357 681 2418 dictos
700 2363 888 2420 revocantur
909 2363 1011 2420 vestes
1034 2363 1065 2420 et

83 2455 155 2516 aliae
180 2473 230 2517 res
257 2457 372 2536 quibus
387 2457 507 2530 Sancti,
532 2458 610 2518 dum
632 2456 784 2533 viverent,
810 2457 989 2518 utebantur.
1014 2457 1063 2517 Ad

15 2639 16 2642 Ἴ
82 2556 233 2618 eamdem
254 2555 387 2616 classem
401 2555 564 2635 pertinent
576 2551 786 2618 instrumenta
805 2555 958 2634 martyrii,
980 2554 1064 2615 aedes
1098 2565 1100 2570 ·

83 2671 164 2734 quas
180 2655 292 2716 Sancti
306 2655 521 2717 incoluerunt.

123 2753 174 2813 Ad
188 2751 332 2833 reliquias
343 2751 542 2834 sanctificatos
551 2770 600 2814 seu
612 2752 771 2834 improprie
782 2752 872 2813 dietus
884 2751 1065 2812 referuntur
1173 2773 1177 2781 ·

84 2847 229 2924 linteola,
251 2851 331 2926 vela,
357 2849 481 2930 aliaque
504 2848 536 2911 id
558 2869 656 2930 genus
676 2852 773 2913 sacris
788 2847 993 2913 cadaveribus
1006 2847 1063 2908 ad-

84 2951 189 3022 mota;
211 2963 248 3008 ex
264 2953 414 3010 contactu
435 2948 521 3010 enim
536 2954 590 3011 aut
604 2949 701 3013 etiam
714 2947 951 3028 propinquitate
970 2943 1065 3005 cada·
1141 2991 1145 3002 .

84 3059 195 3105 verum
210 3045 405 3122 sanctorum
420 3048 584 3109 coeleste'm
595 3047 744 3109 virtutem
758 3031 927 3122 recipiunt.

124 3145 155 3202 2.
167 3143 277 3204 Partes
287 3144 431 3222 corporis
442 3143 541 3206 sancti
555 3149 630 3206 sunt
639 3145 687 3206 vel
702 3143 838 3222 insiprres,
854 3141 901 3204 vet
913 3139 1064 3218 notabiles,

88 3238 136 3298 vel
148 3239 282 3302 minuto.
641 3313 642 3318 η

122 3333 254 3416 Insiqrres
267 3337 413 3418 reliquiae
428 3343 502 3400 sunt
515 3343 623 3417 caput,
640 3336 818 3412 brachium,
841 3354 924 3414 urus,
944 3343 997 3400 aut
1011 3338 1064 3399 illa
1084 3369 1086 3384 ι

113 3530 150 3598 (1)
163 3535 394 3612 δοὴωαΙΙκμυεδετ,
406 3537 448 3588 tit.
467 3537 497 3587 de
510 3536 631 3602 Reliquias
641 3537 666 3586 et
683 3536 839 3586 veraerutione
860 3535 1018 3586 Sanctorum.
1032 3559 1063 3574 --

83 3611 214 3678 Caratieri,
227 3614 415 3667 Commentario
430 3617 456 3668 in
472 3617 573 3668 decreta
587 3617 795 3682 Cmqreqctiouis
811 3617 919 3666 Rittium.
