2590 4262
453 295 526 340 PARS
549 295 712 341 SPEGlALIS.
1017 305 1068 349 tte

93 432 280 498 processum
303 414 494 495 impinguare.
512 411 633 474 Pariter
653 411 813 493 integrum
831 423 877 480 est
897 437 953 481 reo
973 439 1070 482 novas

93 513 298 597 probationes
315 512 474 585 exhihere,
492 508 607 591 quihus
618 509 800 574 innocentia
815 515 912 594 ipsius
925 519 1071 580 demons-
1107 582 1108 588 ἵ

94 618 207 676 tretur.

135 714 215 797 Cum
227 713 297 774 haec
316 708 422 771 omnia
437 707 584 787 utrinque
599 709 724 788 expleta
738 711 865 789 fuerint,
882 722 951 777 ecta
968 717 1069 795 publi-

94 817 218 887 cantur,
235 816 266 872 et
281 807 398 888 judicis
413 813 460 868 est
481 805 670 869 sententiam
689 805 762 869 inde
782 811 999 888 pronuntiare.
1020 817 1069 876 Ad
1167 853 1174 866 -

94 907 374 972 condemnandum
391 905 563 982 requiritur
583 904 731 982 probatio
748 906 931 985 plenissima
950 918 981 974 et
999 912 1068 974 luce

93 1005 268 1068 meridiana
280 1003 394 1065 clarior
409 1002 462 1082 (l).

484 1239 614 1300 CAPUT
635 1241 676 1302 lv

398 1399 452 1447 lle
475 1398 772 1457 appellatione

248 1567 289 1603 SEU
308 1565 338 1602 tu:
358 1565 475 1601 llEllEllllS
491 1564 621 1602 turonicis
640 1541 736 1602 CthTllA
754 1565 915 1604 sementum.

131 1708 196 1760 Aur.
219 1704 239 1758 Ι.
281 1701 359 1756 Notio
373 1661 584 1770 appellationis.

128 1794 195 1846 Aur.
217 1792 250 1845 ll.
277 1789 407 1844 Facultes
423 1787 599 1859 appellandi.

127 1883 196 1936 Aur.
215 1881 262 1935 lll.
277 1877 352 1932 Ordo
363 1877 604 1948 appellationum.

127 1972 196 2024 Am.
220 1967 264 2022 lV.
278 1967 385 2022 Earum
399 1969 531 2035 tempora
542 1981 591 2021 seu
607 1964 715 2022 satalia.

456 2184 676 2240 ARTlCULUS
694 2186 707 2239 l

395 2353 473 2392 norro
492 2353 697 2392 nrrrnmrroms
717 2337 764 2408 (2).

133 2519 158 2578 Ι.
176 2519 262 2578 Inter
276 2513 401 2574 remedio
407 2514 492 2594 juris
505 2520 617 2575 contra
634 2516 823 2578 sententiam
836 2519 885 2578 vel
902 2535 1069 2597 gravamen

96 2618 302 2678 recensentur
316 2610 498 2692 supplicatio,
515 2612 658 2672 recusatio
672 2613 800 2692 judicis,
819 2633 953 2675 recursus
970 2619 1001 2675 et
1018 2633 1071 2694 up-

95 2713 224 2796 petlotto.

133 2811 159 2869 l.
180 2806 398 2886 supplicatione
413 2805 544 2884 petitur,
562 2810 597 2866 ut
612 2805 710 2884 judex
725 2807 915 2867 sententiam
930 2823 967 2866 ex
985 2821 1072 2865 mera

97 2903 292 2984 benignitate
303 2902 453 2977 revideat,
471 2909 688 2980 contraquam
702 2920 766 2963 non
780 2901 936 2980 competit
948 2900 1072 2963 ordina-

97 3005 179 3064 rium
192 2999 413 3080 appellationis
427 2996 613 3060 remedium.
626 2980 817 3078 Plerumque
831 3001 866 3060 fit
881 2999 920 3059 ad
933 2998 1071 3060 tribunal
1095 2993 1099 2999 ⁴

98 3114 292 3179 supremum,
307 3115 324 3157 a
338 3115 400 3176 quo
412 3115 478 3158 non
491 3095 565 3158 licet
580 3097 749 3174 appellare.

137 3201 166 3260 2.
184 3195 457 3276 Berusetiojudicts
477 3201 522 3256 est
537 3191 707 3255 declinatio
727 3191 824 3272 ipsius
839 3199 989 3273 tanquam
1004 3214 1071 3256 sus-

99 3293 193 3373 pecti.
210 3295 303 3357 Velut
322 3294 468 3373 exceptio
491 3291 647 3369 dilatoria,
675 3291 810 3370 impedit
828 3311 867 3355 nc
882 3293 982 3373 judex
1001 3313 1072 3375 pro·
1092 3332 1094 3340 ·

129 3468 159 3526 (1)
178 3464 289 3528 Romul,
310 3464 495 3516 Commentario
518 3466 543 3514 in
559 3465 606 3530 jus
627 3463 831 3528 ecclesiasticum,
847 3473 865 3517 t.
885 3467 925 3530 tv,
938 3468 1034 3518 dissert.
1051 3469 1071 3528 l,

98 3559 343 3688 celavi->emtam
354 3626 396 3675 lib.
409 3625 441 3688 11,
451 3626 488 3676 tit.
500 3638 588 3686 urunt,
606 3625 638 3676 de
646 3625 872 3691 Appelluttouz'tur.
