2618 4252
217 283 267 328 ³14
389 279 547 327 sxroslrlo
568 280 746 326 naraonlca
766 281 850 327 aunis
873 283 1029 329 esnomcl„

297 541 312 601 ξ
333 537 357 589 3.
372 566 402 574 -
422 537 574 590 corollaria
595 536 629 588 de
647 540 789 604 potestate
808 536 949 591 indirecta
967 532 1109 592 Ecclesiae.

252 742 274 802 l.
290 743 431 802 Potestas
449 738 606 800 indirecta
619 739 769 800 Ecclesiae
782 743 829 801 est
841 738 1016 819 spiritualis,
1034 744 1107 800 lum
1119 741 1191 818 quia

213 835 394 898 continetur
410 836 442 895 in
461 839 618 913 potestate
642 833 789 909 clavium,
808 838 877 895 tum
897 832 970 911 quia
993 850 1069 914 erga
1096 835 1196 897 chris·

212 933 315 994 tianos
330 936 505 1006 exercetur,
522 937 591 1000 tum
607 930 682 1010 quia
692 929 796 993 tendit
810 932 849 992 ad
863 932 959 992 finem
979 929 1193 1010 spiritualem.

213 1029 367 1090 Nimirum
382 1029 450 1108 ipsa
461 1033 600 1107 potestas
615 1025 797 1108 spiritualis,
813 1029 890 1093 dum
905 1027 987 1090 cives
1002 1027 1196 1092 christianos

213 1126 350 1205 attingit,
372 1124 597 1206 complectitur
621 1129 811 1205 potestatem
833 1125 1023 1186 indirectam
1041 1125 1074 1186 in
1094 1127 1197 1189 socie-

213 1230 313 1286 tatem
341 1223 475 1287 civilem.
501 1224 627 1286 Etenim
655 1224 687 1284 iu
711 1222 804 1284 rebus
829 1221 923 1284 etiam
948 1223 1193 1302 temporalibus,

214 1329 367 1401 quatenus
392 1321 577 1401 religionem
609 1320 793 1399 respiciunt,
823 1320 931 1383 civitas
956 1323 1070 1383 cedere
1097 1321 1196 1384 debet

213 1421 375 1496 Ecclesiae,
399 1419 472 1499 quia
490 1422 572 1480 Deus
591 1436 657 1480 nou
671 1421 749 1495 vult,
773 1422 810 1481 ut
826 1417 991 1481 hominum
1013 1421 1196 1499 temporale

213 1519 333 1580 bonum
354 1525 578 1596 promoveatur
601 1533 676 1577 cum
697 1514 890 1578 detrimento
915 1515 990 1576 boni
1018 1515 1194 1595 spiritualis

105 1649 109 1660 ·
151 1661 154 1664 -
212 1622 243 1676 et
258 1614 378 1676 aeterni.
396 1616 432 1678 V.
455 1633 484 1693 g.
502 1615 654 1688 Ecclesia,
676 1618 823 1674 votorum
849 1611 1041 1676 solemnitati
1061 1615 1196 1694 incapa-

212 1712 339 1774 citatem
362 1711 497 1774 dominii
519 1712 692 1774 adnectens
711 1711 809 1772 invita
830 1715 987 1790 potestate
1008 1707 1104 1786 civili,
1128 1730 1196 1774 ma·
1292 1769 1293 1794 ,

211 1810 324 1872 uileste
338 1815 464 1872 exercet
478 1809 672 1871 indirectum
683 1808 838 1870 influxum
855 1809 888 1868 iu
900 1807 1100 1887 temporalia.

250 1921 324 1982 Pius
336 1923 379 1982 IX
392 1905 552 1982 damnavit
562 1919 655 1980 istam
669 1919 943 1998 propositionem:
965 1939 978 1976 u
989 1919 1132 1981 Ecclesia
1145 1921 1196 1982 vis
1292 1923 1293 2005 l

212 2019 368 2104 inserendi
401 2023 593 2098 potestatem
623 2035 688 2078 non
723 2017 839 2091 habet,
871 2034 975 2096 neque
1001 2023 1195 2096 potestatem

212 2117 309 2176 ullam
322 2117 533 2194 temporalem
551 2114 705 2176 directam
718 2115 767 2176 vel
778 2113 969 2175 indirectam
985 2114 1037 2195 (l).
1053 2138 1067 2173 u

191 2264 195 2273 ,
251 2224 287 2283 Π.
313 2224 483 2286 Plenitudo
509 2221 676 2303 potestatis
700 2221 867 2285 indirecta
893 2221 933 2283 ab
960 2223 1103 2284 Ecclesia
1127 2242 1194 2287 nou

213 2327 377 2384 exercetur
401 2323 462 2383 nisi
488 2323 571 2400 apud
604 2321 747 2384 nationes
784 2320 955 2400 christiane
989 2322 1191 2386 constitutas.

211 2418 337 2480 Etenim
351 2417 486 2498 requirit
498 2423 635 2500 quatuor
648 2419 859 2491 conditiones,
877 2417 1027 2480 videlicet
1041 2437 1193 2498 personas

212 2517 396 2594 catholicas,
424 2516 602 2595 pericnlum
625 2516 788 2596 religionis
812 2522 917 2580 ortum
940 2534 979 2578 ex
1003 2517 1192 2580 criminibus

211 2613 446 2694 imperantium,
463 2616 619 2695 populum
637 2614 841 2676 obedientem
858 2615 1021 2692 Ecclesiae,
1038 2633 1129 2695 spem
1140 2632 1195 2677 re-

211 2713 501 2776 movendimalum.

235 2823 349 2903 igitur
367 2822 472 2903 praxis
492 2819 644 2883 Ecclesiae
663 2837 721 2900 per
740 2821 883 2882 medium
897 2839 1010 2898 aevum,
1031 2839 1093 2901 quo
1111 2827 1195 2884 tem·
1291 2845 1292 2850 ¹

209 2938 287 3001 pore
306 2921 507 2983 conditiones
528 2920 714 3000 hujusmodi
733 2938 799 2982 nou
820 2918 1023 2995 deficiebant,
1043 2938 1109 2982 non
1129 2920 1193 2982 luit
1291 2945 1292 2988 3

209 3018 374 3098 usurpatio
392 3020 487 3080 noxia
508 3019 556 3080 vel
580 3019 676 3080 etiam
696 3017 791 3080 utilis.
815 3017 934 3078 Verum
950 3017 1039 3095 juxta
1057 3019 1110 3096 jus
1131 3037 1194 3096 pu-
1291 3047 1292 3100 3

210 3117 332 3179 blicum
344 3122 482 3196 potestas
497 3115 670 3194 spiritualis
687 3113 915 3176 conscientiam
936 3116 1130 3193 populorum
1144 3117 1194 3176 di-

210 3214 343 3294 rigebat,
357 3215 402 3278 ita
415 3220 450 3276 ut
463 3213 553 3275 istius
570 3209 775 3291 problematis
791 3211 909 3290 duplex
920 3212 1036 3274 solutio
1051 3215 1190 3293 proponi

210 3313 310 3394 possit
333 3333 339 3374 :
362 3312 414 3373 alii
439 3312 549 3373 dicunt
573 3309 747 3386 Ecclesiam
769 3327 824 3370 sua
848 3316 1005 3388 potestate
1030 3309 1189 3372 indirecta

240 3544 273 3605 (l)
302 3541 340 3591 Pii
365 3542 398 3589 lx
424 3539 542 3604 Syllabas
567 3541 731 3603 complectens
753 3539 892 3604 praecipuos
914 3539 997 3591 aetetis
1028 3545 1120 3590 nostrae
1146 3553 1191 3589 er-

211 3623 339 3684 rorestt.
