2604 4264
390 289 399 311 a
490 265 563 311 PARS
585 266 748 312 sedemus
1015 290 1018 295 ·
1055 270 1108 318 17⁷

128 383 176 446 tio
193 383 237 444 III
260 379 424 458 requisitae
446 386 519 443 sunt
532 401 541 450 ε,
563 382 762 446 Conscientia
785 383 939 458 criminis,
963 385 1109 450 debilitas

127 477 286 558 corporis,
305 479 447 539 deiectus
464 479 617 555 scientiae,
635 481 755 554 malitia
770 483 884 559 plebis,
901 502 992 563 grave
1011 502 1106 546 scan-

128 579 250 650 dalum,
283 576 497 655 irregularitas
518 594 673 655 personae.
703 579 792 641 Notis
818 582 979 643 versiculis
1005 584 1107 663 expri·

128 680 263 738 muntur
285 693 293 735 :
477 675 479 680 '

224 845 325 906 Dabitis,
338 844 451 908 ignarus,
466 846 531 894 mate
544 847 667 907 conscius,
679 847 833 910 irregularis,

225 927 305 986 Quem
317 927 383 975 male
396 927 465 988 plebs
477 926 539 988 odit,
551 926 614 977 dans
628 929 746 978 scandala
757 929 843 980 cedere
852 929 939 990 possit.

139 1097 140 1100 ’
169 1081 217 1141 Ad
244 1067 493 1141 renuntiandum
520 1081 684 1142 beneficiis
709 1081 913 1144 inferioribus
945 1083 1106 1147 sufficiunt

127 1195 233 1240 causae
246 1179 396 1240 minores.

167 1280 197 1339 d.
216 1275 267 1336 Ad
284 1276 411 1355 soranam
438 1275 659 1336 renuntiationis
682 1277 767 1354 quod
785 1277 909 1351 attinet,
934 1278 1105 1356 requiritur

119 1373 223 1455 prs'mo
239 1373 379 1448 libertas,
403 1390 478 1434 nam
500 1374 587 1435 irrita
604 1379 651 1436 est
670 1373 840 1453 resignatio
861 1374 890 1435 vi
905 1380 1037 1438 extorta.
1054 1373 1106 1436 Se-

124 1470 222 1532 cundo
244 1471 416 1548 requiritur
440 1476 529 1532 actus
552 1471 711 1549 publicus,
739 1477 774 1532 ut
802 1472 927 1531 fraudes
955 1471 1102 1532 vitentur.

126 1568 239 1644 Tertio,
266 1568 432 1648 resignatio
454 1569 521 1629 deri
548 1568 643 1630 debet
659 1585 737 1647 pure
759 1573 790 1630 et
804 1567 946 1630 absolute
961 1585 1016 1628 seu
1031 1585 1106 1646 pro-

123 1667 178 1727 cul
190 1666 232 1726 ab
243 1665 330 1726 omni
342 1666 447 1744 specie
466 1666 611 1730 simoniae
625 1671 656 1728 et
670 1685 688 1727 a
708 1665 879 1744 prohibitis
892 1667 926 1726 in
941 1666 1011 1744 jure
1026 1681 1105 1726 cou-

123 1763 314 1824 ditionihus.
802 1769 803 1774 ’

163 1860 393 1922 conditionalis
416 1859 609 1922 renuntiatio
633 1860 693 1921 alia
718 1861 849 1921 omnino
877 1865 1009 1933 vetatur,
1042 1859 1104 1920 alia

121 1956 252 2018 nonnisi
283 1975 357 2019 cum
373 1975 529 2020 consensu
551 1957 724 2036 superioris
740 1957 809 2018 fieri
830 1960 944 2036 potest.
965 1956 1102 2017 Omnino
1177 1962 1179 1965 ’

121 2053 313 2134 prohibetur
326 2055 496 2116 reservatio
510 2073 647 2129 accessus,
665 2053 872 2133 inpressnsaut
883 2068 1049 2133 repressus,
1068 2052 1101 2112 id

123 2157 185 2224 est,
201 2151 227 2211 si
249 2153 319 2230 quis
337 2151 527 2214 heneficium
550 2152 596 2214 vel
615 2153 817 2234 solummodo
832 2151 972 2212 oblatum
991 2151 1102 2230 (puero

121 2249 211 2310 illius
226 2241 392 2328 incapaci),
407 2252 455 2311 vel
466 2250 534 2329 jam
553 2250 715 2323 collatum,
731 2250 779 2310 vel
795 2249 861 2327 jam
875 2263 1052 2325 possessum
1065 2263 1102 2307 ea

121 2349 309 2412 conditione
325 2351 478 2430 resignet,
493 2354 529 2411 ut
552 2368 609 2410 suo
625 2355 769 2429 tempore
788 2351 826 2410 ad
842 2349 920 2410 illud
935 2349 1098 2424 accedere,

121 2447 161 2508 ad
177 2447 261 2508 istud
279 2447 414 2526 ingredi,
433 2447 473 2507 ad
487 2447 548 2508 hoo
563 2447 690 2526 regredi
704 2441 803 2525 possit
819 2447 829 2526 (
848 2448 874 2528 ).

161 2544 325 2604 Romanus
336 2543 482 2604 Pontifex
501 2544 585 2604 solus
600 2544 741 2605 admittit
760 2543 1009 2605 renuntiationes
1023 2557 1099 2602 con-

120 2637 292 2703 ditionatas
318 2639 381 2699 sive
396 2639 429 2699 in
443 2640 582 2701 favorem
599 2639 698 2716 tertii,
719 2640 782 2702 sive
797 2659 872 2702 cum
888 2638 1099 2701 reservatione

119 2737 284 2817 pensionis
298 2741 472 2816 perpetuae.
489 2737 664 2816 Episcopus
679 2739 845 2800 constituit
858 2736 1046 2816 pensionem
1058 2734 1097 2794 ad

120 2840 259 2913 tempus.
981 2857 988 2872 ·

160 2941 191 2998 5.
217 2933 387 3020 Auctoritas
414 2932 572 3013 superioris
587 2931 794 2994 ecclesiastici
808 2929 983 2992 necessaria
998 2931 1045 2988 est
1056 2928 1097 2988 ad

118 3026 381 3094 renuntiandum.
398 3029 524 3090 Etenim
545 3045 602 3107 per
621 3045 824 3107 quascunque
837 3045 945 3088 causas
959 3045 1010 3088 res
1024 3043 1095 3087 nas-

118 3130 214 3206 citur,
238 3147 296 3209 per
314 3129 442 3207 easdem
458 3125 637 3188 dissolvitur
651 3147 658 3202 ;
674 3126 770 3206 igitur
785 3126 867 3186 sicut
879 3141 973 3186 nemo
991 3128 1094 3203 potest

117 3228 310 3290 beneficium
327 3227 394 3288 sine
418 3227 574 3288 consensu
595 3223 766 3301 superioris
787 3223 962 3302 acquirere,
977 3222 1020 3284 ita
1036 3239 1094 3284 nee

117 3325 293 3386 dimittere.

157 3423 335 3501 Episcopus
352 3420 494 3483 admittit
507 3419 759 3482 renuntiationes
774 3420 958 3482 interiorum
973 3419 1093 3481 benefi-

148 3616 181 3676 tt)
195 3611 335 3664 Concitium
345 3611 529 3674 Tridentinum,
537 3625 598 3663 sess.
614 3612 690 3674 XXV,
701 3611 733 3662 de
747 3613 871 3676 Reform„
883 3625 941 3675 cnp.
959 3623 1003 3660 vn.
