2594 4286
479 319 551 362 rans
562 295 736 365 ‘sancitus
1060 314 1100 362 ss.
1117 343 1122 361 ,

105 430 196 508 quin
209 431 260 494 his
277 433 376 496 etiam
391 433 509 498 scholis
531 434 725 514 vigilantiam
740 451 830 495 suam
846 449 1017 514 curamque
1035 431 1093 494 im-

104 531 249 606 pendat.
265 533 356 595 Unde
372 534 411 594 ad
424 533 525 612 ipsam
545 539 677 612 spectat,
692 531 854 612 invigilare
864 549 904 594 ne
916 532 1092 595 litterarum

102 626 344 690 humaniorum
365 629 541 709 discipline
567 649 685 694 venena
708 629 956 703 admisceantur;
983 630 1094 692 educa·

65 770 68 775 .
101 723 239 786 tionem
250 727 401 806 juvenum
412 728 593 807 religiosam
606 729 759 807 dirigere3
775 727 937 808 religionis
954 743 1094 806 pracep-

102 825 223 884 torem
242 825 431 904 approbare.

350 1036 464 1098 Quosne
479 1040 514 1089 3⁸.
529 1059 562 1108 -τ
575 1037 613 1089 Dr
627 1039 859 1116 llarvnnsrrarmaa.

151 1177 1091 1275 Universitasestcolleginmauctoritatepublicainstitutum,

107 1291 156 1351 ad
196 1308 309 1354 omnes
340 1291 525 1373 disciplinas
543 1296 734 1360 edocendas.
765 1294 955 1376 Hujusmodi
977 1281 1093 1356 schola

106 1388 340 1453 Universitates
350 1393 558 1470 appellantur,
572 1399 641 1456 tum
652 1395 725 1474 quia
735 1394 890 1473 plurimas
905 1393 1096 1472 profitentur

108 1485 311 1565 disciplinas,
339 1494 409 1551 tum
436 1491 510 1568 quia
542 1509 657 1570 corpus
686 1493 854 1572 proprium
880 1491 1092 1553 constituunt.

153 1586 178 1648 l.
200 1583 321 1648 Earum
336 1587 491 1650 institutio.
509 1589 748 1652 -Studiorum
761 1588 981 1652 universitates
1002 1576 1092 1668 (pira-

106 1701 184 1745 rum
202 1684 431 1766 antiquissimae
451 1693 523 1749 sunt
534 1687 741 1750 Bononiensis
754 1696 785 1751 et
801 1679 991 1768 parisiensis)
1004 1691 1093 1750 erant

108 1780 246 1862 originis
259 1779 492 1847 ecclesiastica.
509 1783 632 1848 Idcirco
647 1785 783 1848 Romani
794 1783 964 1848 Pontifices
983 1801 1092 1847 earum

106 1880 347 1962 inspectionem
370 1901 490 1964 gerere,
518 1883 663 1962 ipsasque
683 1881 855 1962 privilegiis
879 1899 1029 1949 exornare
1061 1885 1092 1942 ct

108 1979 239 2052 statutis
252 1979 386 2062 dirigere
397 1988 638 2045 consueverunt.
647 1983 725 2043 lnde
737 1999 755 2042 a
766 1981 882 2044 saeculo
895 1997 949 2042 xvr
959 1979 1092 2043 Univen

108 2077 223 2140 sitates
249 2096 323 2141 cum
347 2081 488 2142 Ecclesia
506 2081 623 2142 arctius
643 2079 926 2154 connectebantur,
948 2079 1089 2158 eoquod

108 2174 143 2236 in
173 2193 281 2238 earum
301 2176 461 2240 erectione
486 2177 602 2241 litterae
627 2176 821 2240 fundationis
841 2195 859 2238 a
880 2175 1084 2238 Pontificibus

107 2272 376 2354 impetrabantur.

152 2372 275 2434 Nostris
303 2374 398 2435 etiam
422 2373 619 2454 temporibus
640 2370 781 2435 Ecclesia
803 2370 864 2434 sibi
885 2371 1022 2440 vindicat
1039 2371 1091 2451 jus

107 2469 299 2533 instituendi
315 2471 417 2535 studia
431 2472 587 2553 generalia
603 2491 640 2536 ex
654 2469 802 2534 subsidiis
815 2470 915 2540 libere
929 2469 1088 2544 collectis;

108 2570 199 2648 quod
218 2567 251 2630 in
273 2571 434 2632 nonnullis
455 2570 534 2635 locis
553 2569 687 2634 feliciter
706 2575 871 2650 peractum
890 2575 948 2646 est,
968 2568 1000 2629 in
1020 2566 1089 2629 aliis

105 2682 186 2728 vero
202 2665 409 2731 desideratur.
433 2670 581 2748 Jamvero
600 2669 668 2731 ista
687 2668 904 2730 universitates
922 2663 1088 2729 catholica

106 2761 239 2825 nonnisi
251 2764 422 2827 a-Summis
437 2765 642 2829 Pontificibus
657 2765 816 2847 erigendae
834 2770 916 2839 sunt,
932 2769 1000 2824 tum
1016 2760 1089 2840 quia

107 2862 276 2924 facultates
292 2879 395 2924 sacras
415 2865 682 2944 complectuntur,
706 2870 774 2926 tum
796 2861 869 2943 quia
889 2879 946 2941 per
964 2858 1089 2920 univer-

110 2977 182 3021 sam
200 2959 376 3022 Ecclesiam
396 2963 501 3024 valent
518 2964 633 3042 gradus
649 2957 820 3040 theologia
839 2959 887 3020 vel
902 2955 982 3038 juris
997 2974 1089 3020 cano·

107 3055 176 3120 nici
189 3057 227 3119 ab
243 3057 318 3137 ipsis
330 3057 448 3121 collati.

151 3157 188 3219 ll.
208 3156 376 3217 Facultates
397 3162 428 3218 et
446 3157 556 3238 prodas
573 3153 646 3220 sunt
664 3159 728 3218 duo
750 3153 869 3229 annuli,
887 3152 1001 3234 quibus
1015 3171 1086 3218 aca-

109 3252 226 3316 demiae
241 3253 406 3316 catholicae
423 3272 496 3317 curn
507 3254 649 3317 Ecclesia
662 3257 907 3316 connectuntur.

151 3355 180 3414 l.
199 3353 249 3414 Ad
272 3351 441 3419 Facultates
464 3353 549 3430 quod
568 3353 690 3427 attinet,
707 3351 746 3413 ab
768 3349 858 3414 initio
877 3351 1035 3413 scholares
1054 3351 1087 3412 in
1137 3400 1170 3438 4

95 3448 249 3521 ,diversas
265 3449 394 3510 nationes
408 3447 692 3528 distinguebantur,
712 3447 756 3511 ita
767 3454 802 3512 ut
816 3448 1012 3513 scholaribus
1031 3467 1087 3511 cu-

104 3547 204 3628 jusvis
219 3545 390 3627 provincias
404 3546 525 3609 decanus
539 3547 711 3630 praefuerit,
738 3547 884 3612 omnibus
903 3567 977 3611 vero
993 3549 1086 3610 deca-

107 3647 156 3708 nis
170 3655 267 3706 rector
278 3645 468 3726 praepositus
488 3654 580 3713 esset.
596 3647 693 3730 Igitur
710 3649 830 3729 quasvis
845 3647 1007 3710 academia
1020 3646 1085 3708 col-

27 4081 379 4260 Α·
