2590 4262
467 231 539 276 PARS
561 231 726 280 sanemus.
1032 236 1086 284 2⁰5

98 347 278 428 parochie,
293 347 328 408 in
341 348 443 410 causis
458 348 759 412 matrimonialibus.
772 351 953 412 Instituitur
965 358 1083 429 autem,

96 445 270 527 praemissa
292 463 396 508 causae
418 445 611 524 cognitione,
635 448 847 526 promentibus
874 449 1027 528 partibus,
1056 457 1088 514 et

96 545 174 606 aliis
189 542 334 624 personis
352 542 537 605 necessariis
552 544 607 625 (t).
1061 540 1065 548 '

144 645 177 704 3.
197 641 290 702 Testes
302 645 377 703 sunt
394 645 539 720 personia
554 643 616 704 fide
635 641 750 721 dignae,
772 663 842 722 quaa
855 643 1019 706 veritatem
1041 647 1087 709 rei

96 743 319 802 controversae
341 740 534 814 ostendunt3
551 740 636 818 qnod
657 739 758 802 abeis
784 740 904 802 dietum
925 747 982 819 est,
997 744 1088 806 testi-

99 836 254 898 monium
275 836 464 914 appellatur.
482 837 591 898 Omnis
610 836 743 915 quaestio
759 839 798 900 de
818 838 950 900 testibus
972 841 1010 900 ad
1028 840 1088 902 tria

100 935 214 1012 capita
227 931 319 994 facile
331 931 495 1014 redigitur,
510 931 658 996 videlicet
668 937 707 995 ad
719 952 829 997 eorum
841 955 1004 1012 numeram,
1018 957 1089 1017 qau-

101 1028 234 1105 litatem,
256 1047 394 1100 eceman„
1068 1111 1072 1118 Ι

149 1128 241 1200 Quod
257 1126 369 1190 attinet
383 1129 422 1188 ad
435 1147 598 1204 numerum,
613 1130 790 1208 generatim
807 1132 870 1190 duo
900 1133 1011 1193 saltem
1028 1138 1092 1195 tes-

106 1231 156 1288 tes
178 1224 288 1288 idonei
309 1230 340 1286 et
356 1227 532 1288 concordes
547 1225 763 1306 requiruntur,
785 1231 817 1288 et
839 1227 1011 1304 sufficiunt,
1030 1229 1089 1290 nisi

103 1341 249 1386 canones
264 1325 418 1402 majorem
429 1341 599 1386 numerum
609 1325 784 1403 requirant,
803 1325 882 1386 utin
896 1327 999 1386 causis
1015 1343 1092 1388 con-

103 1427 157 1483 tra
176 1421 362 1499 Episcopus.
391 1422 453 1483 Uni
473 1421 546 1484 testi
568 1423 766 1485 credendum
781 1421 875 1485 estin
898 1424 1001 1484 causis
1020 1443 1090 1502 quae

103 1517 236 1580 nemini
250 1516 469 1596 prejudicium
484 1519 628 1595 afferunt,
646 1537 677 1580 v.
696 1537 726 1598 g.
749 1537 789 1580 an
804 1521 974 1581 defunctus
996 1521 1091 1582 luerit

107 1613 299 1695 baptizatus.

150 1715 268 1776 Omnes
282 1711 406 1774 admitti
420 1719 569 1791 possunt,-
580 1713 695 1793 quibus
707 1731 773 1775 non
784 1715 987 1777 interdicitur
998 1716 1091 1777 testi·

105 1811 266 1872 monium.
291 1812 442 1874 Jamvero
463 1829 521 1889 pro
542 1812 688 1895 omnibus
710 1810 811 1872 causis
835 1812 1022 1892 rejiciuntur
1037 1813 1091 1893 qui
1156 1841 1162 1850 ‚

107 1909 258 1972 laborant
277 1908 405 1969 defectu
423 1909 472 1970 vel
494 1907 605 1984 aetatis,
621 1909 670 1970 vel
692 1908 833 1984 rationis,
851 1911 899 1970 vel
912 1907 1090 1989 probitatis.
1172 1905 1174 1908 ’

108 2009 172 2067 Pro
197 2005 292 2067 certis
317 2004 418 2066 causis
450 2009 547 2067 testes
570 2023 638 2067 esse
667 2003 880 2083 prohihentur
904 1995 1045 2068 minores
1060 2006 1092 2066 in

109 2119 208 2166 cansa
221 2101 389 2172 criminali,
414 2101 547 2165 clericus
568 2101 600 2164 in
614 2119 710 2164 causa
724 2101 897 2180 sanguinis.
922 2105 984 2166 Pro
997 2104 1092 2166 certis

107 2198 254 2279 personis
263 2199 481 2263 testimonium
493 2201 575 2262 terre
597 2205 760 2279 nequeunt
774 2205 921 2278 parentes
937 2207 968 2264 et
986 2201 1090 2278 liberi,

106 2297 334 2378 consanguinei
365 2303 396 2360 et
409 2298 530 2374 affines,
547 2296 718 2360 familiares
732 2303 763 2360 et
777 2298 957 2362 domestici.
979 2300 1093 2361 Contra

108 2401 213 2458 certas
224 2414 374 2475 personas
394 2394 610 2458 testimonium
626 2395 732 2459 dicere
747 2397 959 2475 prohibentur
972 2396 1095 2476 specia-

109 2493 186 2556 liter
200 2494 374 2572 conjuncti‚
391 2512 420 2556 v.
440 2512 469 2574 g.
486 2492 590 2576 liberi,
615 2495 737 2570 fratres,
762 2494 893 2557 maritus
912 2501 1025 2557 contra
1037 2513 1094 2572 pa-

110 2598 230 2668 rentas,
245 2593 294 2654 vel
313 2592 436 2668 tratres,
451 2591 499 2654 vel
520 2592 690 2670 conjugem
705 2615 713 2669 3
726 2593 830 2654 socius
846 2599 957 2654 eontra
969 2590 1094 2652 socium

109 2688 273 2763 criminis3
300 2687 447 2750 inimicus
465 2689 613 2751 adversus
638 2689 827 2763 inimicum;
854 2690 1001 2750 infideles
1019 2705 1093 2749 con·

108 2793 159 2848 tra
179 2786 386 2863 christianos;
410 2787 507 2850 laicus
526 2794 637 2850 contra
652 2787 805 2850 clericum
822 2787 857 2847 in
876 2804 971 2849 causa
987 2783 1095 2847 crimi-

108 2885 185 2960 nali,
200 2883 262 2946 nisi
276 2885 382 2947 cleriei
394 2890 491 2948 testes
498 2884 609 2948 haberi
621 2871 792 2965 nequeant.

152 2985 228 3046 Post
239 2983 544 3063 personastestium
564 2999 676 3044 eorum
693 2981 779 3043 dicta
797 2998 854 3042 seu
875 2978 1094 3043 attestationes

110 3082 349 3160 expenduntur.
379 3084 494 3144 Forma
519 3076 782 3157 recipiendorum
804 3077 935 3139 testium
950 3076 1095 3140 consistit

112 3177 273 3256 iratribus,
296 3197 410 3259 nempe
425 3178 457 3240 in
475 3177 513 3239 iis
530 3195 601 3256 quaa
621 3174 856 3254 depositionem
887 3178 1093 3253 antecedunt,

114 3275 309 3339 comitantur
330 3283 362 3339 et
385 3280 568 3355 sequuntur.
586 3272 744 3336 Praecedit
762 3271 891 3335 illorum
910 3271 1091 3352 productim

113 3372 225 3436 citatio
234 3380 266 3437 et
273 3375 504 3454 juramentum.
521 3376 548 3436 A
565 3371 675 3471 jndice
696 3370 916 3433 examinantur
930 3389 985 3434 seu
1000 3369 1095 3432 inter·

145 3586 180 3650 (1)
193 3587 419 3648 Schinalzgruaber¹
432 3587 478 3636 lus
491 3584 695 3648 ecclesiasticum,
710 3587 755 3638 lib.
772 3585 804 3649 11,
816 3587 854 3636 tit.
867 3599 921 3636 xix.

235 3684 272 3729 11.
939 3680 971 3726 ta
