2604 4264
216 283 268 332 186
379 283 536 331 expostam
555 281 732 329 usflonlca
753 282 835 328 sums
857 281 1014 328 canorum.

580 518 765 588 strutus
789 519 816 586 ΙΙ

282 711 321 755 DE
342 707 447 754 unns
468 707 576 760 QUIBUS
598 704 676 751 ORDO
697 705 729 750 IN
751 705 896 751 accessit
914 705 1109 750 metatam.

254 878 359 942 Media
373 877 486 958 quibus
498 877 640 942 Ecclesia
649 875 795 938 ordinem
815 876 927 937 iaesum
947 879 1083 954 reparat,
1099 833 1200 936 retiu-

218 982 333 1040 ountur
341 978 379 1037 ad
389 976 598 1037 exercendam
604 973 770 1055 judicandi
778 979 810 1036 et
819 972 1193 1052 puniendipotestetem‚

220 1092 291 1152 quae
306 1072 365 1152 ipsi
376 1073 540 1153 competit.

253 1207 407 1261 Tmosmos
425 1207 446 1261 Ι.
477 1205 517 1259 De
531 1203 691 1259 exercenda
702 1197 1011 1275 potes'tatejudicandi.

252 1293 405 1349 Tmemms
426 1293 458 1348 ΙΙ.
480 1292 519 1350 De
533 1291 693 1348 exercenda
704 1294 843 1362 potestate
854 1291 1006 1363 puniendi.

552 1496 814 1568 TRACTATUS
841 1497 855 1566 1

381 1684 428 1734 De
447 1681 635 1734 exercenda
657 1685 824 1746 potestate
845 1681 1032 1746 judicandi.

253 1843 341 1898 Caene
360 1845 381 1898 Ι.
422 1843 504 1898 Notio
517 1843 704 1915 judiciorum.

253 1933 340 1988 Ciam
359 1934 391 1986 ΙΙ.
423 1932 620 2004 competentia
635 1933 689 1988 tori
701 1931 896 1989 ecelesiastici.

252 2021 340 2076 Ciam
360 2021 406 2076 ill.
425 2021 499 2076 Ordo
512 2022 668 2078 servandus
679 2022 712 2078 in
725 2021 853 2093 judiciis.

253 2105 341 2164 Ciam
360 2110 403 2165 lV.
422 2111 596 2168 Remedium
606 2112 781 2168 canonicum
793 2108 1062 2178 adversusjudieia.
1128 2141 1130 2147 ·

621 2329 752 2390 CAPUT
773 2328 786 2388 1

542 2489 641 2539 Notio
652 2489 865 2547 justotorum.

259 2647 283 2708 1.
296 2645 478 2706 laodiciorum
498 2645 636 2728 definitio.
649 2649 667 2710 J
670 2647 813 2719 udioium
828 2647 954 2708 definiri
968 2647 1051 2708 solet
1066 2645 1194 2727 lepitana

220 2762 314 2804 cousoe
326 2743 403 2802 inter
414 2749 540 2804 actorem
551 2753 580 2804 et
592 2764 674 2805 ream
695 2743 887 2807 controversae
897 2764 952 2824 per
966 2743 1099 2825 judicem
1115 2741 1193 2821 facta

221 2839 354 2901 de'seuesio
366 2848 395 2901 et
408 2840 548 2922 definitio.
565 2843 601 2903 In
612 2843 676 2905 hae
688 2843 819 2906 notione
829 2844 890 2905 tria
902 2841 1028 2902 insunt:
1044 2846 1076 2902 t⁰
1088 2857 1190 2914 eausa,

222 2942 371 3018 tanquam
389 2938 529 3020 objectum
549 2941 680 3020 judicii;
707 2945 740 3002 2⁰
754 2946 818 3003 tres
834 2959 965 3022 persoooe
982 2940 1142 3000 distincta
1163 2942 1194 2999 et

221 3036 418 3111 necessariae,
431 3041 530 3113 actor,
541 3055 625 3113 reus,
635 3037 733 3116 judex
745 3059 753 3112 ;
765 3041 797 3100 30
810 3037 951 3116 legitima
962 3054 1066 3099 oausae
1077 3035 1194 3097 disous·

220 3130 267 3190 sio
283 3137 314 3192 et
329 3132 484 3210 definitio,
501 3140 650 3214 tanquam
663 3135 762 3216 formo
770 3135 884 3216 judicii
899 3136 950 3216 (t).

259 3227 305 3285 iix
320 3228 505 3293 definitione
517 3233 694 3294 inseruntur
706 3234 769 3293 duo
782 3233 949 3294 corollaria
962 3249 970 3292 :

261 3326 290 3384 i.
303 3325 480 3388 Discrimen
498 3331 604 3392 existit
615 3332 699 3392 inter
706 3328 875 3410 judicium,
890 3328 1112 3407 quaestionem,
1126 3344 1192 3388 eau-

222 3437 303 3498 sam,¹
315 3422 404 3483 litem
419 3429 451 3485 et
473 3425 666 3488 instantiam.
692 3426 819 3489 Etenim
826 3426 940 3508 judicii
957 3425 1089 3487 nomine
1110 3421 1192 3485 venit

253 3609 285 3671 (t)
294 3607 427 3670 Zallioger,
437 3609 608 3678 [restitutiones
616 3613 689 3676 pteris
704 3611 874 3674 ecclesiastici,
888 3612 932 3661 lib.
944 3612 976 3671 11,
987 3612 1027 3662 tit.
1041 3624 1058 3660 1.
