2618 4252
213 291 265 338 ele
378 292 534 339 exeosmo
554 293 732 340 lnnfloulca
752 294 836 340 tuuis
857 295 1015 340 cenorum.

574 531 794 588 tumentes
812 535 826 588 Ι

341 715 437 754 smnus
456 715 533 754 amm
550 717 629 756 nunu
647 717 791 757 nccmsrau
808 717 842 756 ur
860 717 993 757 memmi
1011 704 1063 772 (l).

250 879 275 938 l.
289 875 453 938 Prioribus
465 875 602 950 saeculis,
623 875 707 938 inter
716 879 885 956 utramque
897 878 1081 949 societatem
1093 895 1216 940 nexus·

211 975 273 1054 legi
285 974 399 1034 divinae
413 974 604 1035 conveniens
618 975 817 1037 intercedere
828 974 1014 1054 nonpotuit.
1031 975 1193 1054 Equidem
1295 971 1296 1042 ὲ

211 1071 365 1146 Ecclesia,
382 1071 533 1134 divinitus
556 1071 711 1148 instituta,
730 1078 796 1134 erat
816 1073 950 1134 societas
968 1073 1111 1152 legitima
1125 1074 1192 1138 sive
1295 1063 1296 1138 ἶ

208 1171 297 1251 juxta
323 1170 409 1248 leges
428 1168 582 1231 mosaicas
607 1187 678 1249 quae
704 1169 851 1232 Messiam
876 1167 1097 1246 expectabant,
1126 1169 1193 1230 sive
1295 1189 1296 1230 f

208 1269 298 1348 Juxta
313 1267 398 1346 leges
417 1284 564 1328 romanas
582 1266 696 1344 quibus
712 1267 825 1328 diversi
842 1268 944 1328 cultus
961 1265 1191 1328 tolerabantur.
1295 1251 1296 1322 ζ

210 1367 315 1445 Ipsam
332 1382 406 1426 vero
424 1363 573 1442 potestati
588 1364 674 1425 civili
697 1365 829 1425 minime
843 1367 1013 1425 nocentem
1027 1363 1192 1441 persecuti
1295 1377 1296 1440 5

211 1468 284 1524 sunt
297 1469 366 1524 tum
389 1460 505 1547 ludaei,
521 1465 590 1522 tum
605 1463 740 1524 Romani
757 1461 934 1541 presertim
948 1477 984 1522 ac
1000 1459 1096 1521 ctiam
1112 1462 1193 1522 Bar·

210 1559 289 1622 bari.

145 1671 147 1674 ·
251 1657 409 1718 Nimirum
433 1657 702 1732 Christianismus,
726 1655 801 1734 quia
826 1672 915 1716 suam
939 1659 1131 1733 potestatem
1157 1655 1192 1715 in
1295 1635 1296 1712 l

191 1755 332 1816 animas
362 1756 540 1830 exercebat,
568 1755 687 1835 ubique
711 1753 907 1833 proscriptus
932 1753 1003 1814 fuit.
1031 1755 1111 1817 Nota
1141 1762 1191 1818 est

211 1853 390 1932 persecutio
401 1872 473 1932 quae
483 1855 633 1914 aNerone
642 1852 759 1936 exarsit
770 1851 919 1930 usquead
932 1851 1188 1914 Constantinum.

211 1951 383 2013 Deficiente
398 1951 627 2031 imperatorum
649 1949 783 2024 feritate,
800 1949 909 2009 fideles
924 1965 941 2006 a
955 1947 1144 2024 presidibus
1157 1956 1191 2012 et

211 2048 306 2127 plebe
328 2049 557 2110 mactabantur.
579 2046 722 2110 Ecclesia
741 2044 1017 2110 mansuetudinem
1031 2050 1062 2108 ct
1074 2047 1193 2110 verita-

210 2153 277 2208 tem
291 2146 465 2208 tortoribus
481 2145 676 2224 opponebat.

250 2244 289 2305 ll.
304 2242 386 2304 Deus
400 2241 478 2302 illud
495 2260 611 2304 novum
626 2241 702 2305 belli
718 2257 815 2321 genus
828 2237 1019 2320 patiebatur,
1035 2247 1070 2305 ut
1082 2241 1190 2304 divina
1295 2311 1296 2318 ἵ

212 2340 372 2420 religionis
393 2339 490 2400 virtus
508 2339 717 2413 illucesceret,
738 2346 771 2401 ut
788 2340 930 2402 Ecclesia
944 2344 1032 2404 nullo
1046 2341 1190 2402 humano

211 2435 362 2517 praesidio
378 2436 580 2515 triumphans
602 2437 714 2499 orbem
730 2436 904 2516 subigeret3
929 2441 1059 2530 demum
1077 2443 1113 2498 ut
1127 2437 1191 2498 sci·
1295 2429 1296 2524 ᾗ

212 2538 284 2608 reut
296 2537 432 2596 Caesares
442 2533 536 2613 hujus
550 2535 670 2609 saeculi,
683 2536 784 2596 Deum
799 2537 973 2597 Ecclesiam
988 2534 1190 2599 constituisse
1229 2529 1236 2540 '

212 2630 279 2694 sine
294 2631 356 2692 illis
372 2636 403 2694 et
419 2632 451 2692 in
464 2631 547 2706 illos,
565 2636 597 2692 et
609 2649 667 2710 pro
683 2648 719 2692 ea
733 2636 765 2693 et
781 2637 891 2694 contra
905 2633 976 2695 illos
989 2651 1021 2694 se
1031 2637 1189 2712 pugnatu—
1295 2699 1296 2718 ἶ

212 2741 283 2788 rum
297 2745 366 2790 esse
376 2746 476 2808 usque
488 2729 526 2789 ad
542 2729 733 2790 saeculorum
745 2731 1064 2793 consummationem.

215 2843 217 2848 ’
251 2827 361 2904 ltaque
375 2844 463 2888 suam
477 2825 658 2888 libertatem
681 2827 823 2888 Ecclesia
837 2827 989 2908 martyrio
1004 2825 1187 2889 vindicavit.

151 2991 153 3000 Ι
210 2922 288 2984 Inde
303 2924 467 2986 manifesta
488 2922 548 2985 fuit
565 2923 726 2985 distinctio
741 2928 773 2986 et
785 2925 1033 3003 independentia
1049 2921 1134 2985 illius
1148 2921 1190 2984 ab

208 3019 362 3099 imperi03
385 3039 445 3100 qua
470 3021 673 3084 distinctione
688 3021 819 3084 servitus
839 3012 1018 3084 animarum
1037 3021 1190 3083 dissolve·
1295 3019 1296 3060 ³

212 3116 316 3180 batur.

242 3304 277 3368 (1)
288 3304 397 3366 Audisio‚
408 3305 480 3354 luris
494 3309 595 3354 notorie
605 3307 630 3354 et
642 3306 755 3369 pontium
766 3305 945 3366 suradamenta,
957 3305 999 3355 lib.
1015 3304 1060 3366 lll,
1069 3303 1110 3354 tit.
1124 3317 1150 3354 x.
