2618 4252
481 281 555 328 Palis
577 281 739 327 sepelitis.

398 462 422 510 l.
436 459 614 511 inviolabilitas
627 459 754 510 interdicti
773 462 814 519 lll.

157 603 320 667 violantes
337 600 544 664 interdictum
558 601 693 681 graviter
707 605 854 680 peccant,
870 602 1022 680 quoniam
1035 605 1095 665 ilc·

116 701 223 765 clesiae
238 699 462 762 auctoritatem
474 705 696 762 contemnunt.

158 801 182 861 l.
206 798 241 860 Si
259 797 332 859 laici
356 797 474 858 violent
493 797 711 874 interdictum,
733 815 798 860 non
816 815 942 878 semper
959 801 1093 863 mortale

115 899 285 978 peccatum
300 893 515 968 committunt,
529 891 590 954 nisi
604 895 737 956 materia
746 895 786 958 sit
797 895 898 974 gravis
912 897 960 958 vel
973 896 1093 959 ratione

116 992 311 1072 receptionis
333 997 617 1069 sacramentorum,
646 995 694 1056 vel
718 999 905 1072 contemptu
930 995 1093 1056 interdicti

116 1090 301 1171 personalis.

155 1186 528 1250 Excommunioationem
538 1187 747 1250 incurrnnlin
756 1187 945 1272 quibusdam
954 1188 1093 1262 casibus,

115 1302 241 1364 nempe,
259 1285 285 1346 si
298 1285 491 1363 compellant
502 1285 636 1347 clericos
646 1285 679 1344 in
689 1287 761 1347 loco
771 1284 942 1347 interdicto
953 1286 1094 1348 celebra-

116 1400 164 1457 re;
181 1382 207 1442 si
218 1382 373 1461 populum
385 1385 563 1443 convocent
574 1382 612 1441 ad
629 1381 785 1443 audienda
803 1383 924 1457 divina;
942 1383 968 1443 si
982 1383 1093 1461 prohi-
1141 1419 1143 1424 .

116 1479 214 1541 beant
230 1479 402 1540 interdicto
421 1494 459 1538 ex
474 1479 545 1540 loco
559 1494 649 1539 sacro
661 1479 765 1554 exire;
787 1480 813 1540 si
830 1481 945 1542 moniti
968 1498 986 1542 a
1000 1483 1087 1542 clero

115 1577 179 1656 ipsi
192 1593 355 1638 remanere
370 1581 576 1654 praesumant.

156 1674 194 1736 Il.
210 1672 346 1736 Clericus
354 1673 473 1734 violans
485 1672 692 1734 interdictum
703 1675 879 1751 personale,
896 1675 943 1736 vel
954 1674 1091 1736 scienter

115 1769 280 1832 celebrans
289 1770 321 1830 in
331 1770 402 1832 loco
416 1764 597 1845 interdicto,
614 1772 651 1832 fit
662 1771 901 1850 irregularisAt
916 1771 941 1830 si
954 1771 1089 1833 clericus

115 1883 180 1927 non
200 1865 388 1927 interdictus
404 1865 547 1926 celebret
559 1865 592 1924 in
611 1866 683 1926 loeo
699 1882 765 1925 non
784 1863 965 1940 interdicto,
987 1869 1019 1926 et
1037 1866 1092 1925 ad-

116 1964 221 2026 mittat
238 1963 437 2036 interdictos
458 1965 583 2024 tantum
601 1961 737 2023 incurrit
750 1977 916 2022 censuram
930 1961 1093 2024 interdicti

115 2061 154 2123 ab
170 2061 312 2138 ingressu
327 2060 471 2122 ecclesiae
492 2060 596 2122 donec
615 2040 787 2121 s‘atisfaciat
801 2059 841 2134 ei,
857 2049 948 2137 'cujus
965 2063 1093 2120 senten·

114 2157 194 2219 tiam
208 2157 411 2236 contempsit.

155 2253 525 2317 ldxoommunioationem
552 2252 730 2326 incurrunt,
759 2250 813 2329 qui
838 2252 1011 2315 admittunt
1038 2253 1093 2316 ali·

116 2369 213 2438 quem
227 2353 266 2413 ad
280 2353 474 2431 sepulturam
496 2349 745 2412 ecclesiasticam
765 2349 798 2409 in
819 2350 891 2412 loco
906 2351 1090 2428 interdicto,

115 2451 162 2511 vel
178 2449 381 2512 interdictum
398 2447 620 2522 denuntiatum
633 2447 667 2507 in
682 2448 755 2508 loco
767 2464 833 2508 non
847 2447 1029 2512 interdicto.

316 2634 429 2693 Qonsrro
445 2636 481 2682 2³.
500 2659 526 2670 ·-
542 2633 578 2682 Dr
590 2623 734 2684 crosmrorr
751 2643 766 2679 Α
781 2643 885 2680 orvrurs.

154 2779 179 2838 1.
193 2777 274 2858 Ejus
290 2776 382 2838 notro.
406 2809 447 2820 —
457 2777 630 2838 interdicto
645 2774 749 2835 allinis
767 2778 815 2835 est
828 2772 963 2835 cessatio
982 2790 1000 2834 a
1015 2773 1092 2834 divi·

116 2875 174 2952 nis,
189 2873 419 2953 quaedelinitur
430 2871 588 2951 prohibitio
601 2870 802 2946 ecclesiastico,
819 2869 930 2930 clericis
944 2869 1089 2950 deposito,

116 2979 148 3032 ut
156 2969 321 3032 obstineant
333 2967 440 3049 officiis
449 2966 554 3040 divinis
564 2967 595 3027 in
607 2968 704 3048 aliquo
717 2967 788 3028 loco.

153 3066 265 3127 Differt
280 3063 320 3124 ab
335 3064 518 3140 interdicto,
535 3053 699 3142 tum'qnia
714 3080 780 3125 non
795 3068 842 3125 est
854 3080 998 3139 censura,
1016 3079 1091 3124 cum

115 3145 181 3226 non
198 3160 232 3223 in
256 3176 384 3239 poenam
403 3159 522 3236 delicti,
540 3161 594 3221 sed
616 3160 656 3221 ad
678 3159 919 3237 significandam
936 3159 1089 3224 Ecclesiae

115 3258 460 3333 tristitiamindicatur;
473 3263 542 3319 tum
553 3257 800 3336 quianunquam
813 3259 912 3320 fertur
920 3260 1040 3324 directe
1055 3261 1089 3321 in

115 3371 277 3436 personas,
295 3355 393 3416 sedin
407 3356 479 3416 loca
494 3359 634 3431 tantum;
648 3359 717 3418 tum
729 3355 803 3434 quia
815 3373 884 3420 eam
893 3357 1013 3421 violans
1026 3376 1092 3421 non

115 3455 247 3518 incurrit
258 3452 540 3533 irregularitatem.

147 3607 179 3668 ll)
194 3567 314 3668 maschot,
325 3603 495 3654 Institutione
504 3601 576 3668 juris
585 3603 707 3666 canonici,
718 3603 761 3656 llb.
773 3603 803 3668 ll,
815 3605 857 3690 tit.
866 3618 955 3656 uxrx.

235 3700 271 3746 ll.
452 3707 455 3714 ’
935 3700 969 3748 le
