2604 4264
452 190 526 238 etas
547 191 711 240 semetrius

484 432 615 495 oAPu'l
638 434 679 494 ΙΙΙ

434 589 490 638 lle
512 589 743 642 beneflciis.

117 742 197 797 Arar.
210 742 231 795 l.
272 741 312 796 De
327 739 475 798 beneficiis
489 742 519 797 in
533 758 649 816 genere.

127 830 199 885 Aar.
213 829 245 886 ll.
274 830 313 886 lle
326 830 479 888 collatione
492 831 715 889 beneficiorum.

126 919 198 972 Anr.
211 916 257 972 lll.
271 917 312 973 De
321 916 437 989 juribus
452 922 481 974 et
495 919 721 990 obligationibus
735 920 982 982 beneficiatorum.

119 1007 197 1062 Aer.
211 1007 256 1062 lV.
272 1006 310 1063 lle
322 1008 472 1064 vacatione
484 1006 706 1066 beneficiorum.

358 1214 363 1218 ⁶
456 1223 676 1279 ARTICULUS
694 1225 708 1278 1

395 1386 430 1424 DE
448 1387 594 1427 BENEFICIIS
608 1389 638 1428 IN
657 1388 772 1429 GENERE·

125 1535 146 1598 ξ
161 1537 188 1587 l.
203 1531 287 1588 Notio
301 1533 329 1587 et
341 1531 462 1588 varietas
476 1522 588 1589 eorum}

131 1623 148 1686 ἓ
162 1624 189 1678 2.
205 1621 317 1677 Erectio
329 1625 359 1677 et
369 1621 518 1678 innovatio
531 1621 659 1678 illorum.

290 1828 342 1892 51.
355 1854 386 1866 -
399 1827 482 1880 llotio
493 1831 523 1880 et
538 1828 664 1880 varietas
675 1790 883 1881 beneficiorum.

387 1983 505 2042 Quuorro
518 1984 550 2040 1·.Ι
562 2007 594 2018 ·-
605 1984 693 2031 Eonuu
704 1995 786 2032 norm.

134 2133 159 2195 l.
184 2133 526 2214 Deflecte-Nomine
544 2135 692 2196 beneficii
707 2135 881 2198 canonistae
896 2136 1077 2224 intelligunt

84 2231 144 2312 jus
154 2239 327 2312 perpetuum
336 2232 516 2312 percipiendi
527 2231 645 2312 fructus
658 2251 695 2292 ec
711 2232 948 2310 boctsEcclesioe,
963 2237 1077 2298 ratione

92 2327 193 2408 officit
200 2329 373 2410 spirituales,
389 2331 565 2390 auctoritate
580 2328 770 2391 ecclesiastico
782 2333 979 2394 constitutum.

131 2426 256 2487 Dicitur
266 2429 294 2489 l.
311 2427 492 2488 lucratione
506 2427 603 2508 officii
613 2426 793 2508 spirituum·
805 2430 839 2488 in
849 2431 1006 2493 beneficio
1018 2432 1082 2491 dum

90 2525 166 2602 plex
187 2526 239 2604 jus
263 2527 478 2606 distinguitur,
503 2544 618 2606 nempe
638 2528 780 2589 officium
803 2530 965 2608 spirituale
980 2534 1012 2590 et
1024 2530 1075 2606 jus

90 2623 295 2700 percipiendi
311 2624 433 2686 fructus
447 2625 553 2687 officio
567 2627 736 2687 adnexum.
752 2626 801 2687 Ad
817 2633 963 2688 naturam
979 2626 1075 2686 hene-

93 2719 156 2780 ficii
168 2720 343 2806 requiritur
363 2723 505 2786 officium
519 2723 695 2802 spirituale,
710 2723 795 2784 velut
814 2723 899 2783 illius
913 2723 1075 2801 praecipua

93 2833 188 2878 causa
201 2824 233 2880 et
242 2820 496 2883 fundamentum.
509 2823 600 2885 Unde
611 2822 746 2883 infertur
756 2821 923 2899 pensiones
933 2819 1070 2898 laicales,

93 2932 164 2992 quoe
181 2917 295 2978 dantur
306 2937 334 2980 v.
351 2937 381 2998 g.
397 2920 523 2981 aedituis
537 2924 569 2980 et
584 2918 725 2992 musicis,
742 2934 807 2977 non
819 2933 886 2978 esse
904 2917 1069 2982 beneficia.

133 3011 164 3073 2.
186 3012 241 3074 lus
251 3015 432 3096 peroptimdi
438 3017 555 3097 fructus
568 3035 605 3076 ec
620 3015 698 3075 bonis
709 3013 858 3090 Ecclesiae,
876 3015 1016 3093 quamvis
1031 3018 1072 3080 sit

91 3107 212 3186 aliquid
224 3111 330 3173 officio
341 3115 564 3188 accessorium,
578 3119 685 3174 tamen
697 3112 887 3173 beneficium
899 3113 1073 3177 formaliter

92 3207 271 3269 coustituit.
288 3211 369 3271 Dum
384 3228 458 3272 vero
475 3211 592 3272 dicitur
603 3211 654 3288 jus
672 3209 870 3288 percipiendi
884 3208 1009 3290 (ructus,
1024 3214 1074 3274 in-

92 3303 218 3366 dicatur
232 3306 381 3370 beneficii
398 3308 575 3370 dominium
600 3309 684 3387 apud
701 3307 875 3370 Ecclesiam
894 3327 1069 3376 remanere.

132 3402 161 3463 3.
185 3401 571 3467 Auctoritateecctesiostico
583 3405 833 3470 constitutum'Ut
844 3410 963 3470 reditus
974 3413 1074 3472 ecele-

90 3497 214 3563 siastici
228 3508 376 3565 naturam
390 3504 537 3568 beneficii
548 3505 692 3583 induant,
709 3505 880 3585 requiritur
893 3513 981 3570 aetus
999 3525 1076 3571 auo-

218 3615 254 3665 11.
316 3621 319 3629 ’
963 3621 978 3668 e
