2604 4264
497 296 572 342 rsas
593 295 758 343 senciens.
1077 271 1116 344 oe'

125 417 309 496 regulatur,
328 418 359 478 et
368 433 478 479 omnes
493 417 577 481 illius
588 419 664 481 libri
674 418 853 482 revisuntur
866 423 898 482 et
911 419 1114 499 corriguntur

91 561 94 567 .
126 517 281 578 aSancta
294 515 377 576 Sede
391 515 443 596 (l).

170 616 204 675 2.
232 613 374 694 Litorqia
408 613 612 676 Ecclesiorom
645 615 874 688 oooileatoliam.
908 619 935 678 A
973 622 1115 696 tempore

128 712 168 775 S.
185 711 235 772 Pii
251 713 289 788 V,
305 711 434 790 liturgia
455 715 597 775 Romana
624 719 769 777 correcta
793 715 825 775 in
848 718 918 776 toto
944 715 1115 777 Occidente

132 809 242 890 (salvis
256 808 449 888 quibusdam
469 811 720 892 exceptionibus)
733 812 777 874 ita
795 812 982 891 praescripta
1006 816 1064 890 est,
1082 816 1116 874 ut

127 905 185 988 jus
201 906 385 985 liturgicum
398 908 472 970 Sedi
489 910 684 988 Apostolioae
694 910 735 972 sit
747 916 938 972 reservatum
951 910 1005 991 (2).

175 1005 221 1066 Ex
231 1005 292 1067 ista
306 1007 416 1088 regula
430 1007 632 1070 deducuntur
645 1007 706 1070 tria
727 1007 896 1069 corollaria
908 1027 924 1090 :¹

179 1101 380 1166 Corollariom
398 1108 445 1167 1¹²¹.
460 1104 534 1166 Pius
549 1107 576 1168 V
591 1105 708 1185 excipit
722 1111 792 1168 tum
807 1105 981 1169 Ecclesiam
994 1103 1117 1169 Medio-

132 1200 301 1264 lanensem
313 1202 346 1263 in
361 1221 422 1283 qua
443 1203 669 1266 observabatur
690 1203 768 1266 ritus
786 1203 1028 1279 Ambrosianus,
1047 1209 1117 1266 tum

132 1300 274 1380 capellas
292 1302 460 1364 toletanas
485 1301 600 1382 quibus
625 1299 731 1364 licitus
756 1305 824 1364 eret
845 1289 926 1365 'ritus
947 1301 1119 1364 Mozarabi-

135 1417 208 1475 cus,
223 1405 291 1461 tum
306 1400 459 1479 quasdam
474 1400 548 1462 alias
559 1401 717 1462 Ecclesias
727 1401 759 1460 in
771 1399 885 1481 quibus
896 1398 1020 1480 vigebat
1030 1399 1119 1461 litur-

135 1495 193 1576 gia
206 1497 347 1559 Romana
368 1495 512 1564 ducentis
526 1497 616 1558 annis
631 1497 801 1576 antiquior.

184 1593 383 1658 Corollariom
397 1598 447 1656 2¹⁰.
468 1593 555 1656 Libri
570 1593 738 1673 liturgicis
754 1595 894 1658 Summis
911 1596 1119 1660 Pontificibus

135 1693 230 1771 editi,
247 1703 362 1774 nem'pe
386 1694 521 1768 Missale,
542 1692 748 1771 Breviorium‚
765 1695 900 1772 Bilubio,
919 1694 1116 1772 Pontificale,

135 1791 370 1857 Caeremoniale
391 1793 624 1872 Episcoporum
647 1798 679 1856 ct
699 1795 982 1876 martyrologium,
1008 1811 1119 1858 omnes

134 1893 297 1955 Ecclesias
313 1891 454 1971 obligant
466 1897 582 1970 praeter
596 1891 765 1954 orientales
781 1897 812 1954 et
824 1894 977 1973 quasdam
997 1893 1073 1954 alias
1088 1890 1122 1975 in

135 1989 516 2069 BullisPiiVexoeptas.
730 1991 732 1995 '

183 2086 383 2150 Corollora'om
414 2091 466 2154 3¹².
490 2087 739 2153 Constitutiones
760 2090 804 2155 Pii
823 2091 849 2154 V
872 2088 935 2152 vim
960 2085 1121 2170 obligandi

137 2185 258 2250 habent
272 2187 369 2249 etiam
383 2186 416 2247 in
430 2185 540 2261 Gallia,
558 2192 626 2250 tum
641 2186 715 2267 quia
728 2194 801 2251 sunt
815 2189 1004 2252 universales
1017 2186 1121 2266 quoad

138 2283 300 2348 Ecclesias
313 2283 451 2365 liturgia
464 2287 615 2348 Romanae
626 2287 802 2366 adstrictas,
819 2293 888 2352 tum
898 2284 972 2369 quia
986 2290 1122 2366 recepto

139 2386 272 2446 fuerunt
286 2384 320 2444 in
336 2384 445 2447 Gallia.

123 2550 126 2553 ,
181 2483 261 2544 lude
278 2482 413 2544 infertur
430 2479 611 2561 illegitimas
626 2479 721 2544 fuisse
736 2481 879 2564 liturgias
894 2483 927 2545 in
947 2481 1046 2546 Gallia
1063 2498 1123 2542 sae·

141 2583 216 2645 culo
229 2597 309 2643 xvm
322 2579 516 2664 adinventas.
534 2583 703 2660 Nunquam
715 2581 900 2663 hujusmodi
915 2576 1123 2643 innovationi-

141 2679 202 2743 bus
220 2679 383 2743 oonsensit
402 2682 517 2743 Sancta
532 2681 639 2742 Sedes.
659 2680 879 2756 Quamobrem,
897 2679 952 2741 ubi
965 2678 1049 2758 apud
1063 2695 1121 2738 nos

142 2783 318 2841 restaurata
329 2775 425 2840 luerit
438 2775 565 2857 liturgia
577 2779 729 2854 Romana,
744 2779 817 2839 Pius
834 2780 876 2839 IX
893 2777 932 2838 ad
947 2775 1121 2856 Episcopos

145 2879 253 2940 Galliae
272 2876 421 2956 scripsit:
447 2896 462 2934 c
476 2876 689 2939 Vehementer
701 2876 875 2955 gaudemus
897 2875 974 2935 dum
995 2873 1122 2952 conspi-

142 2973 258 3052 cimus,
277 2973 309 3035 in
329 2972 577 3054 quamplurimis
586 2969 786 3048 dioecesibus,
801 2976 951 3035 Romanae
972 2970 1122 3034 Ecclesiae

138 3073 319 3153 Liturgiam
331 3070 482 3151 singulari
496 3075 601 3133 vestro
623 3071 729 3132 studio
740 3071 830 3150 juxta
848 3073 958 3132 nostra
970 3068 1127 3132 desideria

144 3169 242 3234 fuisse
267 3169 457 3234 restitutam.
487 3171 562 3242 Qua
585 3185 660 3230 sane
684 3185 735 3229 res
757 3185 795 3229 eo
815 3165 914 3246 magis
928 3173 1016 3248 grata
1033 3164 1126 3230 nobis

146 3268 277 3343 accidit,
298 3269 383 3348 quod
404 3266 616 3329 noscebamus
630 3265 665 3325 in
686 3265 794 3327 multis
816 3265 923 3328 Galliae
939 3264 1127 3328 dioecesibus

149 3367 190 3430 ob
204 3373 388 3448 temporum
399 3363 649 3429 vicissitudinem
661 3363 744 3426 baud
758 3364 900 3428 caluisse
911 3371 1040 3442 servata,
1056 3380 1126 3448 queo

175 3515 209 3576 (1)
230 3514 358 3564 Benedicti
370 3512 422 3564 lllll
437 3519 519 3564 const.
540 3511 736 3574 Demandotom,
754 3512 814 3562 Etsi
826 3511 975 3577 pastoralis,
992 3511 1034 3564 lic
1044 3509 1128 3586 pastos

145 3593 208 3658 ruli,
223 3595 264 3646 Ea
278 3609 326 3660 quo
338 3594 461 3658 primum.

177 3675 213 3738 (2)
224 3673 264 3726 Pii
274 3675 295 3726 V
305 3680 387 3726 const.
407 3671 504 3736 Quocla
520 3671 602 3738 nobis,
613 3671 784 3736 anprtbaom
802 3675 921 3736 tempore.-
