2594 4286
228 333 263 379 ts
397 330 554 378 exeoslrlu
574 327 750 377 uuuflobtcn
770 329 854 376 Juuts
874 330 1029 378 cononici.

227 451 266 512 de
281 449 433 530 religione
445 453 499 510 aut
517 447 659 509 moribus
684 451 839 527 ageretur.
861 449 973 511 Ceteri
991 466 1066 511 vero
1079 448 1157 512 libri
1174 455 1210 512 et

226 548 343 628 scripta
355 545 518 628 periodica
528 546 595 607 sine
607 545 723 625 praevia
737 563 869 608 censura
886 545 937 608 edi
958 547 1206 627 permittuntur.

265 648 354 708 Hanc
371 644 483 725 agendi
497 644 651 706 rationem
669 643 833 706 imitantur
848 645 1012 724 Episcopi.
1030 646 1152 707 Verum
1167 645 1209 705 li-

227 743 276 805 bri
291 743 440 820 liturgici,
459 741 654 815 catechismi,
669 739 742 801 libri
754 759 886 821 procum
906 740 972 804 sine
988 742 1116 806 licentia
1135 742 1210 822 epi-

226 842 345 921 scopali
360 840 442 922 typis
456 857 520 903 non
533 841 735 902 mandantur.

381 1065 396 1130 ᾖ
411 1063 439 1116 2.
453 1091 484 1103 -
496 1064 597 1128 Quibus
607 1065 707 1118 mediis
720 1079 832 1119 errores
843 1064 1047 1134 reprimuntur.

260 1235 383 1300 Qube-uo
398 1237 435 1292 l⁸.
449 1235 488 1292 De
503 1236 706 1307 reprobatione
720 1236 961 1311 propositionum.

259 1324 381 1388 Qunsrro
395 1328 433 1380 2¹.
448 1325 487 1379 De
500 1325 696 1396 prohibitione
709 1326 864 1384 librorum.

372 1539 488 1599 Qossrro
504 1537 582 1590 1·.-
596 1541 828 1593 Denaruossraous
843 1554 1051 1593 anorosrrrouuu.
1074 1541 1076 1544 '

264 1707 498 1787 Propositiones
513 1711 679 1772 catholicae
701 1711 774 1773 fidei
787 1705 998 1791 repugnantes
1009 1709 1074 1771 sive
1088 1726 1107 1769 a
1119 1709 1204 1771 Gon·

224 1805 306 1869 ciliis
316 1807 526 1884 generalibus,
539 1809 603 1870 sive
614 1827 633 1869 a
643 1811 757 1872 Sancta
768 1810 849 1871 Sede
864 1807 1085 1889 reprobantur.
1099 1805 1204 1867 Nimi-

226 1919 298 1964 rum
314 1906 401 1966 omni
421 1906 562 1968 adhibita
576 1907 740 1987 diligentia
760 1904 883 1969 Summi
906 1907 1076 1969 Pontifices
1091 1904 1204 1984 inqui-

225 2005 299 2064 runt
316 2002 538 2066 indoctrinam
553 2011 744 2084 suspectam,
761 2023 831 2068 cam
842 2007 882 2066 ad
905 2003 1068 2066 distinctas
1083 2005 1204 2064 formu-

206 2159 209 2164 .
225 2100 270 2161 las
282 2100 441 2181 redigunt,
456 2108 551 2183 atque
562 2106 610 2166 vel
622 2103 857 2184 propositiones
869 2110 922 2166 aut
933 2104 1033 2166 libros
1044 2103 1203 2182 simplici-

225 2202 273 2260 ter
284 2199 443 2275 damnare,
460 2200 507 2261 vel
519 2199 615 2263 etiam
628 2201 731 2263 theses
745 2219 892 2263 erroneas
899 2201 1071 2284 quolificure
1083 2202 1202 2264 solent.
1231 2222 1233 2225 ·

264 2295 498 2375 Propositiones
520 2297 693 2380 pontificare
717 2297 795 2360 nihil
811 2298 895 2361 aliud
922 2305 979 2376 est,
1007 2317 1104 2378 quam
1130 2301 1202 2360 illas

223 2393 315 2456 variis
329 2395 469 2456 censuris
481 2396 668 2476 theologicis
680 2398 728 2459 vel
740 2395 1005 2459 severioribusvel
1017 2395 1202 2458 mitioribus

224 2492 448 2573 perstringere.
473 2493 583 2556 Plures
613 2494 796 2574 hujusmodi
813 2512 957 2556 censurae
976 2501 1198 2567 numerantur,

225 2589 303 2669 quin
316 2595 423 2653 tamen
448 2596 593 2653 auctores
614 2592 796 2654 innumero
819 2609 928 2654 earirm
953 2591 1200 2654 determinando

225 2686 423 2751 conveniant.

264 2788 326 2848 Ista
345 2785 536 2865 qualificatio
555 2791 603 2848 est
617 2775 663 2849 ¹vel
677 2787 823 2870 specifica,
841 2789 918 2850 dum
932 2787 1029 2851 cuivis
1054 2786 1204 2868 proposi-

225 2883 305 2947 tioni
330 2901 385 2944 sua
401 2900 534 2982 censura
553 2884 701 2962 inuritur,
723 2887 771 2948 vel
799 2886 979 2948 cumulatim
1003 2887 1049 2967 (in
1074 2885 1197 2965 globo),

191 2987 195 2994 '
226 2983 352 3062 quando
365 2984 472 3061 plures
489 2981 724 3061 propositiones
736 2985 769 3045 in
786 2986 877 3046 Bulla
892 2984 1056 3065 pontificia
1069 3000 1201 3046 enume-

226 3086 302 3142 ratae
327 3081 418 3141 rariis
442 3082 583 3142 censuris
606 3081 872 3163 perstringuntur,
890 3084 967 3170 quin
984 3091 1091 3146 tamen
1104 3081 1203 3162 sigui-

226 3178 347 3254 flcetur,
365 3195 511 3258 quanam
528 3178 692 3258 speciatim
707 3180 767 3242 hac
780 3181 828 3242 v-el
844 3182 898 3244 illa
910 3199 1043 3244 censura
1057 3185 1200 3242 notetur.

416 3403 530 3464 Quasrro
542 3409 576 3457 2¹.
587 3434 617 3444 -
629 3408 667 3458 ns
679 3421 805 3458 araroaou
819 3421 1003 3458 ruouuunous.
1065 3437 1068 3442 -

260 3541 282 3627 l.
316 3571 628 3645 Potestas'prohibeudi
642 3577 742 3634 libros.

261 3661 295 3760 ll.
314 3659 471 3735 Disciplina
484 3664 618 3725 Ecclesiae
628 3666 706 3724 cirea
718 3665 952 3740 prohibitionem
964 3664 1124 3722 librorum.
