2594 4286
251 311 284 359 30
368 315 370 320 ’
419 312 574 362 exloslnlo
596 316 772 363 pannonica
793 319 876 364 sums
899 321 1054 371 cattorum.

543 513 556 540 '
595 539 815 599 laricanus
833 544 876 599 ιιι

541 705 731 752 obstetricans
744 708 929 750 associamu-

281 870 335 934 ξι.
350 867 491 940 obligatio
503 867 643 926 tendendi
655 868 691 926 ad
703 868 926 942 perfectionem.

264 1009 266 1014 .
280 963 296 1025 ἕ
309 961 335 1014 2.
352 958 538 1016 Obseruantia
552 959 641 1016 trium
653 965 798 1030 votorum.

281 1050 297 1114 5
309 1051 335 1102 3.
352 1047 537 1104 Obscrvantia
548 1048 668 1122 regulae.

281 1141 296 1204 5
311 1137 337 1193 l.
351 1135 544 1209 obligationes
555 1139 642 1195 statui
654 1137 788 1210 religioso
802 1137 930 1196 adnexae.

281 1230 296 1294 ἓ
309 1232 336 1284 5.
351 1227 492 1298 Obligatln
505 1227 678 1285 stabilitatis.

369 1433 385 1498 ἓ
400 1431 427 1486 ι.
445 1460 475 1489 -.
490 1431 626 1500 obligatio
636 1431 773 1487 tendendi
790 1433 825 1486 ad
836 1435 1039 1502 perlectionem
1051 1435 1097 1501 (ι).
1131 1400 1133 1406 ,

284 1604 441 1682 Obligatio
458 1603 611 1666 tendendi
631 1605 670 1664 ad
699 1603 929 1682 perlectionem
944 1610 992 1666 est
1015 1606 1167 1684 primaria
1190 1613 1222 1669 ct

244 1703 357 1781 gravis,
374 1701 491 1764 etenim
501 1701 531 1761 vi
543 1701 749 1781 professionis
763 1703 924 1780 regulares
937 1707 1086 1766 tenentur
1099 1722 1221 1766 servare

245 1806 360 1862 statum
387 1799 477 1880 cujus
496 1800 566 1860 linis
581 1805 629 1861 est
651 1800 806 1878 perfectio
826 1802 1030 1879 acquirenda.
1052 1835 1091 1849 -
1107 1805 1223 1865 Peccat

207 1893 215 1912 '
245 1899 379 1977 graviter
399 1897 566 1976 religiosus
580 1897 634 1977 qui
646 1898 766 1960 recedit
785 1915 803 1959 a
830 1899 995 1978 proposito
1009 1902 1222 1980 prosequendi
1286 1977 1287 1982 ἵ

244 1997 486 2076 perlectionem.
754 2011 755 2016 ’
1286 1990 1287 2006 ’

284 2098 353 2157 Νοιι
366 2097 468 2157 solum
480 2095 640 2174 protessus
655 2099 783 2158 tenetur
795 2095 902 2174 aliquo
918 2097 1015 2158 modo
1036 2099 1169 2160 tendere
1181 2099 1221 2158 ad

243 2193 483 2273 perlectionem,
499 2192 664 2254 sedetiam
683 2191 844 2280 obligatur
859 2195 897 2254 ad
915 2201 1002 2256 certa
1013 2197 1117 2257 media
1128 2195 1222 2274 hujus

243 2291 457 2370 acquirendae,
475 2296 506 2352 ct
519 2290 649 2369 quidem
661 2289 851 2370 dupliciter:
868 2294 899 2351 ιο
910 2293 957 2352 Ad
970 2292 1076 2352 media
1090 2309 1222 2371 genera-

242 2389 286 2450 lia
304 2389 376 2450 vitra
402 2388 564 2468 regularis,
589 2390 644 2449 scu
667 2388 707 2447 ad
726 2387 958 2450 observantiam
979 2389 1115 2468 triplicis
1143 2391 1217 2452 voti.

242 2491 275 2548 2⁰
296 2489 345 2548 Ad
364 2487 470 2548 media
492 2485 643 2564 specialia
661 2485 755 2564 nujus
780 2486 901 2546 ordinis
916 2487 949 2548 in
965 2505 1029 2566 quo
1058 2488 1221 2566 protessus

241 2590 301 2670 est.
326 2585 419 2646 Ratio
441 2585 606 2662 utriusque
627 2588 684 2654 est,
702 2583 777 2662 quia
791 2585 969 2662 prolitendo
979 2585 1168 2664 religionem
1187 2604 1221 2648 se

171 2718 173 2723 ·
238 2682 408 2764 ,constituit
419 2682 598 2744 debitorem
614 2681 683 2742 linis
699 2687 731 2742 et
745 2681 924 2744 mediorum
938 2683 1158 2744 communium
1172 2701 1222 2745 re·
1285 2737 1286 2772 a

241 2777 367 2860 ligionis
388 2781 427 2841 ¹in
448 2796 574 2860 genera,
602 2796 657 2841 seu
671 2777 879 2858 perfectionis
902 2797 960 2859 per
985 2781 1221 2843 observantiam
1285 2787 1286 2848 l

238 2879 337 2942 trium
352 2885 521 2953 votorum;
538 2883 569 2940 et
584 2879 764 2957 profitendo
792 2878 825 2937 in
849 2878 904 2940 tali
927 2879 1039 2940 ordine
1065 2896 1098 2940 se
1112 2881 1222 2942 reddit
1285 2859 1286 2898 ¹

240 2978 419 3041 debitorem
447 2976 517 3040 linis
535 2981 567 3039 et
589 2976 768 3038 mediorum
794 2977 1034 3056 particularium
1053 2978 1146 3058 hujus
1173 2997 1224 3041 or·

240 3076 334 3139 dinis.

425 3246 441 3310 5
457 3244 482 3298 2.
498 3271 530 3284 -
544 3243 728 3298 observantia
740 3243 964 3298 triumvotoram
981 3245 1028 3310 (tt.

277 3403 304 3464 1.
317 3403 436 3464 Votum
451 3401 602 3464 castitatis
623 3402 713 3464 addit
725 3401 798 3464 vita
821 3403 971 3465 virtutem
984 3401 1159 3481 religionis,
1185 3409 1222 3467 et

233 3499 373 3580 peccatis
394 3498 528 3560 luxuria
554 3499 709 3562 malitiam
732 3499 902 3581 sacrilegii.
930 3501 1050 3586 Votum
1072 3501 1221 3566 solemne
1284 3577 1285 3580 Ἴ

269 3673 303 3736 (1)
316 3671 416 3733 suarez,
428 3669 460 3720 cle
472 3669 604 3734 detentore,
622 3677 645 3723 8.
658 3699 689 3710 -
704 3675 735 3736 (2)
750 3672 921 3724 Dect-etotr‘um
932 3674 976 3726 lib.
998 3673 1044 3738 lll,
1055 3673 1095 3724 tlt.
1108 3687 1187 3727 xxxv.
