2618 4252
228 257 279 305 stt
376 231 379 235 ’
400 259 558 306 exrosrrro
578 257 757 304 unruourcl
777 259 861 304 rums
883 259 1038 308 esnourcr.

223 376 366 456 quamvis
380 378 553 457 aliquando
571 377 736 440 toleretur.
752 376 814 438 Ubi
833 394 905 438 vera
923 377 1036 458 religio
1054 379 1201 440 domina·
1299 416 1303 444 r

221 474 421 546 tur,libertas
432 473 663 553 ejusmodinon
674 472 873 534 admittenda
884 475 1046 536 estnisiin
1058 480 1197 537 extrema
1301 445 1302 480 ³

220 571 419 644 necessitate,
435 571 474 632 ad
489 572 610 650 majora
623 571 706 635 mala
719 573 926 649 praecavenda
937 571 989 653 (l).

260 666 375 748 Reputo
395 671 439 728 2⁸.
461 699 501 714 -
522 667 668 730 Instituta
685 669 784 728 semel
808 668 940 731 libertas
958 670 1197 732 cultuum-odeo

221 764 360 826 fideliter
381 766 534 825 servanda
555 769 613 841 est,
632 768 667 825 ut
682 765 817 843 quilibet
837 767 940 827 cultus
955 785 1027 827 suas
1044 767 1199 828 existendi

221 867 316 940 atque
337 863 451 940 agendi
469 862 606 924 rationes
624 865 710 939 petat
732 879 769 922 ex
791 863 906 941 seipso,
927 881 992 925 non
1006 859 1198 925 illa'sSlatus

221 959 386 1038 imponere
409 959 533 1021 audeat.
554 959 607 1021 Sic
631 957 717 1020 enirn
740 959 916 1035 illudimur,
935 947 1080 1023 etmulti
1102 958 1200 1022 liber·

220 1062 319 1119 tatem
342 1059 487 1118 cultuum
511 1059 643 1138 jactent,
667 1061 699 1118 et
722 1057 870 1119 adversus
892 1059 1067 1120 Ecclesiam
1089 1063 1198 1136 tyran-

219 1155 329 1214 nidem
344 1160 522 1217 exerceant.

258 1252 297 1312 ll.
313 1251 430 1332 Apendi
438 1253 515 1312 ratio
529 1250 671 1312 Statuam
684 1270 755 1332 erpa
771 1250 921 1312 ltoereticcs
934 1270 993 1330 pro
1013 1251 1105 1313 variis
1116 1252 1196 1314 locis

218 1354 251 1410 et
266 1349 463 1428 temporibus
475 1349 599 1410 diversa
613 1352 670 1410 est.

259 1450 287 1508 l.
305 1446 365 1510 Vix
377 1447 450 1508 ullas
462 1445 607 1506 nationes
619 1445 832 1523 reperiuntur,
851 1447 884 1506 in
898 1446 1010 1525 quibus
1022 1447 1135 1524 religio
1150 1463 1199 1508 ca-

217 1543 338 1605 tholica
362 1543 455 1604 unice
479 1548 526 1604 est
547 1547 684 1620 recepta.
711 1544 745 1603 ld
769 1543 802 1603 in
826 1545 1019 1605 concordata
1044 1531 1198 1624 Hispanico

217 1641 428 1703 constitutum
443 1646 507 1714 est;
525 1640 557 1700 id
573 1641 612 1700 ad
630 1640 837 1701 novissimum
852 1659 950 1726 usqne
961 1641 1088 1718 tempus
1101 1642 1134 1700 in
1151 1642 1198 1702 di·

217 1739 314 1801 versis
333 1739 430 1800 Italico
443 1738 613 1801 territoriis
626 1739 736 1818 viguit.
1119 1725 1125 1746 ²

258 1839 287 1895 2.
306 1837 341 1895 In
357 1833 471 1910 Gallicis,
488 1834 629 1912 quamvis
644 1835 835 1913 religionem
851 1833 1040 1896 catholicam
1059 1835 1198 1894 maxima

217 1950 291 2011 pars
309 1930 424 1994 civium'
440 1934 637 2011 profiteatur,
661 1933 694 1992 in
713 1931 817 2012 Bclpio
838 1938 870 1995 et
889 1933 923 1991 in
945 1932 1107 2012 plerisque
1124 1931 1199 1995 Ger-

216 2029 322 2089 rnocloe
347 2029 533 2105 ditionibuS,
554 2029 676 2108 legibus
697 2029 843 2091 civilibus
866 2029 1029 2108 aequalitas
1051 2032 1198 2093 cultuum

217 2125 350 2187 inducta
368 2131 425 2189 est.

257 2225 285 2283 3.
300 2223 392 2302 Apud
406 2224 588 2285 Amerinam
603 2224 895 2303 septentrionalem,
909 2223 1036 2284 libertas
1050 2225 1197 2286 cultuum
1302 2221 1303 2296 l

214 2318 258 2380 ita
276 2319 371 2397 viget,
393 2326 427 2382 ut
443 2319 655 2383 Status-[lolli
671 2323 791 2383 nullam
813 2322 949 2383 habeant
974 2321 1127 2404 rationem
1147 2339 1199 2382 re·
1302 2321 1303 2372 1

215 2417 237 2478 li
262 2416 354 2480 ionis.

240 2436 281 2577 gl.
307 2518 343 2576 ln
359 2516 480 2596 duplic,
502 2523 575 2596 post
599 2518 888 2596 emancipationem
909 2517 1021 2598 (1829),
1041 2516 1195 2578 catholici

212 2611 344 2674 liberius
371 2613 537 2691 respirant,
564 2618 658 2692 atque
687 2615 726 2675 ad
742 2632 888 2676 munere
914 2614 1053 2693 publica,
1081 2613 1196 2694 paucis
1302 2653 1303 2674 .

214 2711 364 2790 exceptis,
382 2711 608 2775 admittuntur.
625 2714 744 2776 Verum
759 2712 798 2774 ab
812 2713 890 2792 ipsis
902 2711 1023 2775 tributa
1036 2711 1196 2774 ministris
1302 2731 1303 2738 ¹

213 2809 388 2886 anglicanis
400 2811 573 2872 solvuntur.
1302 2805 1303 2890 j

252 2910 282 2968 5.
295 2908 330 2967 In
346 2908 537 2985 quibusdam
554 2909 659 2989 regnis
675 2909 787 2987 religio
802 2908 959 2970 catholica
973 2908 1103 2970 omnino
1119 2926 1199 2988 pro-

207 3004 368 3078 scribitur,
388 3006 436 3066 vel
456 3005 540 3067 illius
563 3007 749 3069 exercitium
774 3006 951 3068 innumeris
973 3005 1199 3067 vexationibus
1302 2997 1303 3040 t

206 3101 389 3182 impeditur.
415 3105 491 3164 Haec
515 3110 563 3166 est
582 3105 733 3166 Ecclesiae
759 3105 904 3167 conditio
929 3105 964 3164 in
990 3101 1109 3178 Suesia,
1137 3101 1198 3164 ubi
1302 3091 1303 3100 ¹

204 3200 334 3262 exilium
353 3201 560 3264 redeuntibus
582 3205 622 3264 ad
646 3221 736 3264 saera
758 3201 918 3265 catholica
936 3200 1104 3262 decretum
1125 3206 1195 3275 est3

202 3298 281 3358 item
293 3299 326 3357 in
344 3297 467 3378 imperio
483 3299 614 3375 ilcestre,
630 3300 664 3360 in
686 3319 749 3382 quo
767 3301 813 3361 nil
829 3301 1023 3362 intentatum
1038 3299 1198 3378 relinqui-

203 3399 266 3471 tur,
285 3400 318 3456 ui
332 3395 486 3457 catholici
499 3398 532 3458 in
548 3400 610 3460 dde
625 3401 856 3462 subvertantur.
942 3444 944 3448 -

237 3529 272 3592 (1)
286 3529 325 3578 Pii
343 3529 376 3579 lx
389 3532 490 3583 Litterae
501 3538 633 3600 encyclicae
647 3538 746 3599 oircrrta
757 3551 826 3590 cura.
840 3563 871 3574 -
891 3533 1013 3598 Syllabas
1025 3537 1200 3598 complectens

209 3609 349 3671 praecipuos
361 3612 444 3660 astutis
454 3623 545 3664 nostrae
557 3630 662 3679 errores,
675 3621 713 3677 tl,
726 3621 764 3678 78,
778 3621 817 3668 te.
