<?xml version="1.0" encoding="UTF-8"?>
<!DOCTYPE html PUBLIC "-//W3C//DTD XHTML 1.0 Transitional//EN"
    "http://www.w3.org/TR/xhtml1/DTD/xhtml1-transitional.dtd">
<html xmlns="http://www.w3.org/1999/xhtml" xml:lang="en" lang="en">
 <head>
  <title>
</title>
<meta http-equiv="Content-Type" content="text/html;charset=utf-8" />
  <meta name='ocr-system' content='tesseract 3.04.00' />
  <meta name='ocr-capabilities' content='ocr_page ocr_carea ocr_par ocr_line ocrx_word'/>
</head>
<body>
  <div class='ocr_page' id='page_1' title='image "./expositiomethod01hugugoog_0307.png"; bbox 0 0 2618 4252; ppageno 0'>
   <div class='ocr_carea' id='block_1_1' title="bbox 181 267 981 336">
    <p class='ocr_par' dir='ltr' id='par_1_1' title="bbox 181 267 981 336">
     <span class='ocr_line' id='line_1_1' title="bbox 181 267 981 336; baseline 0.003 -6"><span class='ocrx_word' id='word_1_1' title='bbox 181 285 234 332; x_wconf 81' lang='lat' dir='ltr'>sco</span> <span class='ocrx_word' id='word_1_2' title='bbox 310 267 328 336; x_wconf 83' lang='grc'>“,</span> <span class='ocrx_word' id='word_1_3' title='bbox 344 284 500 332; x_wconf 77' lang='lat' dir='ltr'>annosum</span> <span class='ocrx_word' id='word_1_4' title='bbox 521 283 700 330; x_wconf 76' lang='lat' dir='ltr'>uurnomoa</span> <span class='ocrx_word' id='word_1_5' title='bbox 718 285 802 330; x_wconf 71' lang='lat' dir='ltr'>aunis</span> <span class='ocrx_word' id='word_1_6' title='bbox 824 286 981 332; x_wconf 76' lang='lat' dir='ltr'>canonici.</span> 
     </span>
    </p>
   </div>
   <div class='ocr_carea' id='block_1_2' title="bbox 181 400 1158 680">
    <p class='ocr_par' dir='ltr' id='par_1_2' title="bbox 181 400 1158 680">
     <span class='ocr_line' id='line_1_2' title="bbox 222 400 1158 482; baseline 0.002 -20"><span class='ocrx_word' id='word_1_7' title='bbox 222 400 315 463; x_wconf 88' lang='lat' dir='ltr'>Prob.</span> <span class='ocrx_word' id='word_1_8' title='bbox 328 405 357 462; x_wconf 73' lang='lat'>2.</span> <span class='ocrx_word' id='word_1_9' title='bbox 372 402 503 464; x_wconf 68' lang='lat' dir='ltr'>ration·</span> <span class='ocrx_word' id='word_1_10' title='bbox 511 401 675 480; x_wconf 89' lang='lat' dir='ltr'>Separatio</span> <span class='ocrx_word' id='word_1_11' title='bbox 685 401 1158 482; x_wconf 88' lang='lat' dir='ltr'>absolutaconsistitineoquod</span> 
     </span>
     <span class='ocr_line' id='line_1_3' title="bbox 181 498 1157 579; baseline 0.002 -19"><span class='ocrx_word' id='word_1_12' title='bbox 181 499 325 579; x_wconf 87' lang='lat' dir='ltr'>regimen</span> <span class='ocrx_word' id='word_1_13' title='bbox 346 499 505 561; x_wconf 86' lang='lat' dir='ltr'>societatis</span> <span class='ocrx_word' id='word_1_14' title='bbox 519 498 619 561; x_wconf 90' lang='lat' dir='ltr'>civilis</span> <span class='ocrx_word' id='word_1_15' title='bbox 633 499 675 560; x_wconf 90' lang='lat' dir='ltr'>sit</span> <span class='ocrx_word' id='word_1_16' title='bbox 687 498 816 575; x_wconf 79' lang='lat' dir='ltr'>atheum,</span> <span class='ocrx_word' id='word_1_17' title='bbox 836 499 990 562; x_wconf 89' lang='lat' dir='ltr'>nimirum</span> <span class='ocrx_word' id='word_1_18' title='bbox 1009 504 1094 562; x_wconf 87' lang='lat' dir='ltr'>tanta</span> <span class='ocrx_word' id='word_1_19' title='bbox 1106 499 1157 562; x_wconf 92' lang='lat' dir='ltr'>in-</span> 
     </span>
     <span class='ocr_line' id='line_1_4' title="bbox 182 597 1158 680; baseline -0.002 -20"><span class='ocrx_word' id='word_1_20' title='bbox 182 597 359 660; x_wconf 81' lang='lat' dir='ltr'>differentia</span> <span class='ocrx_word' id='word_1_21' title='bbox 374 597 546 674; x_wconf 80' lang='lat' dir='ltr'>praeditum</span> <span class='ocrx_word' id='word_1_22' title='bbox 568 601 715 680; x_wconf 86' lang='lat' dir='ltr'>respectu</span> <span class='ocrx_word' id='word_1_23' title='bbox 734 597 907 676; x_wconf 80' lang='lat' dir='ltr'>religionis,</span> <span class='ocrx_word' id='word_1_24' title='bbox 922 602 957 658; x_wconf 89' lang='lat' dir='ltr'>ut</span> <span class='ocrx_word' id='word_1_25' title='bbox 974 597 1108 676; x_wconf 83' lang='lat' dir='ltr'>perinde</span> <span class='ocrx_word' id='word_1_26' title='bbox 1123 613 1158 658; x_wconf 85' lang='lat' dir='ltr'>se</span> 
     </span>
    </p>
   </div>
   <div class='ocr_carea' id='block_1_3' title="bbox 64 693 1157 782">
    <p class='ocr_par' dir='ltr' id='par_1_3' title="bbox 64 693 1157 782">
     <span class='ocr_line' id='line_1_5' title="bbox 64 693 1157 782; baseline -0.004 -24"><span class='ocrx_word' id='word_1_27' title='bbox 64 713 66 717; x_wconf 75' lang='grc'>’</span> <span class='ocrx_word' id='word_1_28' title='bbox 180 700 270 774; x_wconf 79' lang='lat' dir='ltr'>gerat</span> <span class='ocrx_word' id='word_1_29' title='bbox 282 695 370 772; x_wconf 86' lang='lat' dir='ltr'>quasi</span> <span class='ocrx_word' id='word_1_30' title='bbox 386 695 472 754; x_wconf 92' lang='lat' dir='ltr'>nulla</span> <span class='ocrx_word' id='word_1_31' title='bbox 487 696 587 754; x_wconf 79' lang='lat' dir='ltr'>exstet</span> <span class='ocrx_word' id='word_1_32' title='bbox 604 693 729 772; x_wconf 90' lang='lat' dir='ltr'>religio.</span> <span class='ocrx_word' id='word_1_33' title='bbox 743 695 848 782; x_wconf 40' lang='lat' dir='ltr'>‚Atqui</span> <span class='ocrx_word' id='word_1_34' title='bbox 871 696 985 756; x_wconf 84' lang='lat' dir='ltr'>falsum</span> <span class='ocrx_word' id='word_1_35' title='bbox 1005 713 1021 756; x_wconf 91' lang='lat' dir='ltr'>e</span> <span class='ocrx_word' id='word_1_36' title='bbox 1040 699 1054 756; x_wconf 95' lang='lat' dir='ltr'>t</span> <span class='ocrx_word' id='word_1_37' title='bbox 1072 695 1157 756; x_wconf 90' lang='lat' dir='ltr'>istud</span> 
     </span>
    </p>
   </div>
   <div class='ocr_carea' id='block_1_4' title="bbox 117 783 1160 2725">
    <p class='ocr_par' dir='ltr' id='par_1_4' title="bbox 181 783 387 872">
     <span class='ocr_line' id='line_1_6' title="bbox 181 783 387 872; baseline -0.005 -19"><span class='ocrx_word' id='word_1_38' title='bbox 181 783 387 872; x_wconf 84' lang='lat' dir='ltr'>plincipium.</span> 
     </span>
    </p>

    <p class='ocr_par' dir='ltr' id='par_1_5' title="bbox 117 886 1160 1947">
     <span class='ocr_line' id='line_1_7' title="bbox 221 886 1160 968; baseline -0.002 -16"><span class='ocrx_word' id='word_1_39' title='bbox 221 889 349 952; x_wconf 87' lang='lat' dir='ltr'>Etenim</span> <span class='ocrx_word' id='word_1_40' title='bbox 363 890 412 950; x_wconf 87' lang='lat' dir='ltr'>vel</span> <span class='ocrx_word' id='word_1_41' title='bbox 425 888 485 950; x_wconf 88' lang='lat' dir='ltr'>iste</span> <span class='ocrx_word' id='word_1_42' title='bbox 502 886 649 949; x_wconf 86' lang='lat' dir='ltr'>errorita</span> <span class='ocrx_word' id='word_1_43' title='bbox 661 886 849 967; x_wconf 77' lang='lat' dir='ltr'>intelligitur</span> <span class='ocrx_word' id='word_1_44' title='bbox 865 895 902 951; x_wconf 88' lang='lat' dir='ltr'>ut</span> <span class='ocrx_word' id='word_1_45' title='bbox 915 890 1028 968; x_wconf 81' lang='lat' dir='ltr'>logicae</span> <span class='ocrx_word' id='word_1_46' title='bbox 1042 890 1160 951; x_wconf 83' lang='lat' dir='ltr'>severi·</span> 
     </span>
     <span class='ocr_line' id='line_1_8' title="bbox 181 986 1160 1068; baseline -0.002 -18"><span class='ocrx_word' id='word_1_47' title='bbox 181 993 279 1050; x_wconf 89' lang='lat' dir='ltr'>tatem</span> <span class='ocrx_word' id='word_1_48' title='bbox 303 993 416 1062; x_wconf 89' lang='lat' dir='ltr'>servet,</span> <span class='ocrx_word' id='word_1_49' title='bbox 434 988 482 1048; x_wconf 92' lang='lat' dir='ltr'>vel</span> <span class='ocrx_word' id='word_1_50' title='bbox 495 992 533 1048; x_wconf 88' lang='lat' dir='ltr'>ut</span> <span class='ocrx_word' id='word_1_51' title='bbox 546 1004 564 1046; x_wconf 88' lang='lat' dir='ltr'>a</span> <span class='ocrx_word' id='word_1_52' title='bbox 579 986 680 1066; x_wconf 87' lang='lat' dir='ltr'>logica</span> <span class='ocrx_word' id='word_1_53' title='bbox 696 987 860 1050; x_wconf 87' lang='lat' dir='ltr'>severitate</span> <span class='ocrx_word' id='word_1_54' title='bbox 870 989 1011 1050; x_wconf 57' lang='lat' dir='ltr'>‘deficiat</span> <span class='ocrx_word' id='word_1_55' title='bbox 1029 989 1064 1050; x_wconf 92' lang='lat' dir='ltr'>Si</span> <span class='ocrx_word' id='word_1_56' title='bbox 1077 989 1160 1068; x_wconf 90' lang='lat' dir='ltr'>logi-</span> 
     </span>
     <span class='ocr_line' id='line_1_9' title="bbox 181 1083 1159 1164; baseline -0.004 -16"><span class='ocrx_word' id='word_1_57' title='bbox 181 1103 237 1148; x_wconf 87' lang='lat' dir='ltr'>cus</span> <span class='ocrx_word' id='word_1_58' title='bbox 251 1102 319 1146; x_wconf 89' lang='lat' dir='ltr'>esse</span> <span class='ocrx_word' id='word_1_59' title='bbox 333 1086 408 1159; x_wconf 86' lang='lat' dir='ltr'>vult,</span> <span class='ocrx_word' id='word_1_60' title='bbox 429 1083 509 1144; x_wconf 86' lang='lat' dir='ltr'>nihil</span> <span class='ocrx_word' id='word_1_61' title='bbox 525 1083 631 1144; x_wconf 85' lang='lat' dir='ltr'>differt</span> <span class='ocrx_word' id='word_1_62' title='bbox 645 1083 684 1144; x_wconf 92' lang='lat' dir='ltr'>ab</span> <span class='ocrx_word' id='word_1_63' title='bbox 702 1101 807 1144; x_wconf 88' lang='lat' dir='ltr'>errore</span> <span class='ocrx_word' id='word_1_64' title='bbox 822 1085 1084 1162; x_wconf 87' lang='lat' dir='ltr'>protestantismi,</span> <span class='ocrx_word' id='word_1_65' title='bbox 1103 1085 1159 1164; x_wconf 91' lang='lat' dir='ltr'>qui</span> 
     </span>
     <span class='ocr_line' id='line_1_10' title="bbox 180 1179 1159 1259; baseline -0.002 -15"><span class='ocrx_word' id='word_1_66' title='bbox 180 1183 359 1244; x_wconf 78' lang='lat' dir='ltr'>Ecclesiam</span> <span class='ocrx_word' id='word_1_67' title='bbox 379 1181 519 1259; x_wconf 84' lang='lat' dir='ltr'>politicae</span> <span class='ocrx_word' id='word_1_68' title='bbox 538 1179 721 1242; x_wconf 80' lang='lat' dir='ltr'>auctoritati</span> <span class='ocrx_word' id='word_1_69' title='bbox 744 1180 913 1243; x_wconf 87' lang='lat' dir='ltr'>submittit.</span> <span class='ocrx_word' id='word_1_70' title='bbox 941 1185 1019 1242; x_wconf 90' lang='lat' dir='ltr'>Nam</span> <span class='ocrx_word' id='word_1_71' title='bbox 1042 1199 1081 1244; x_wconf 87' lang='lat' dir='ltr'>ex</span> <span class='ocrx_word' id='word_1_72' title='bbox 1104 1182 1159 1243; x_wconf 92' lang='lat' dir='ltr'>illa</span> 
     </span>
     <span class='ocr_line' id='line_1_11' title="bbox 181 1277 1159 1359; baseline -0.001 -17"><span class='ocrx_word' id='word_1_73' title='bbox 181 1279 381 1359; x_wconf 84' lang='lat' dir='ltr'>separatione</span> <span class='ocrx_word' id='word_1_74' title='bbox 396 1278 499 1339; x_wconf 88' lang='lat' dir='ltr'>Status</span> <span class='ocrx_word' id='word_1_75' title='bbox 515 1297 533 1338; x_wconf 91' lang='lat' dir='ltr'>a</span> <span class='ocrx_word' id='word_1_76' title='bbox 547 1277 699 1356; x_wconf 84' lang='lat' dir='ltr'>religione</span> <span class='ocrx_word' id='word_1_77' title='bbox 715 1279 893 1340; x_wconf 90' lang='lat' dir='ltr'>necessario</span> <span class='ocrx_word' id='word_1_78' title='bbox 904 1280 1057 1358; x_wconf 89' lang='lat' dir='ltr'>sequitur,</span> <span class='ocrx_word' id='word_1_79' title='bbox 1071 1285 1109 1342; x_wconf 88' lang='lat' dir='ltr'>ut</span> <span class='ocrx_word' id='word_1_80' title='bbox 1125 1281 1159 1341; x_wconf 88' lang='lat' dir='ltr'>in</span> 
     </span>
     <span class='ocr_line' id='line_1_12' title="bbox 181 1375 1160 1454; baseline 0.002 -16"><span class='ocrx_word' id='word_1_81' title='bbox 181 1377 322 1438; x_wconf 84' lang='lat' dir='ltr'>ferendis</span> <span class='ocrx_word' id='word_1_82' title='bbox 340 1376 461 1454; x_wconf 90' lang='lat' dir='ltr'>legibus</span> <span class='ocrx_word' id='word_1_83' title='bbox 473 1376 562 1436; x_wconf 91' lang='lat' dir='ltr'>nulla</span> <span class='ocrx_word' id='word_1_84' title='bbox 574 1375 655 1437; x_wconf 90' lang='lat' dir='ltr'>ratio</span> <span class='ocrx_word' id='word_1_85' title='bbox 667 1376 817 1439; x_wconf 80' lang='lat' dir='ltr'>Ecclesiae</span> <span class='ocrx_word' id='word_1_86' title='bbox 835 1377 996 1452; x_wconf 85' lang='lat' dir='ltr'>habeatur,</span> <span class='ocrx_word' id='word_1_87' title='bbox 1012 1381 1066 1440; x_wconf 91' lang='lat' dir='ltr'>sed</span> <span class='ocrx_word' id='word_1_88' title='bbox 1087 1384 1160 1442; x_wconf 85' lang='lat' dir='ltr'>tan·</span> 
     </span>
     <span class='ocr_line' id='line_1_13' title="bbox 180 1473 1157 1555; baseline -0.003 -16"><span class='ocrx_word' id='word_1_89' title='bbox 180 1481 250 1539; x_wconf 89' lang='lat' dir='ltr'>tum</span> <span class='ocrx_word' id='word_1_90' title='bbox 262 1479 423 1554; x_wconf 85' lang='lat' dir='ltr'>spectetur</span> <span class='ocrx_word' id='word_1_91' title='bbox 433 1473 565 1552; x_wconf 87' lang='lat' dir='ltr'>politica</span> <span class='ocrx_word' id='word_1_92' title='bbox 574 1473 703 1534; x_wconf 87' lang='lat' dir='ltr'>utilitas.</span> <span class='ocrx_word' id='word_1_93' title='bbox 715 1475 885 1536; x_wconf 91' lang='lat' dir='ltr'>Proindesi</span> <span class='ocrx_word' id='word_1_94' title='bbox 896 1476 1025 1555; x_wconf 88' lang='lat' dir='ltr'>politica</span> <span class='ocrx_word' id='word_1_95' title='bbox 1035 1475 1157 1538; x_wconf 90' lang='lat' dir='ltr'>utilitas</span> 
     </span>
     <span class='ocr_line' id='line_1_14' title="bbox 128 1573 1158 1653; baseline -0.002 -17"><span class='ocrx_word' id='word_1_96' title='bbox 128 1643 130 1646; x_wconf 54' lang='grc'><strong>,</strong></span> <span class='ocrx_word' id='word_1_97' title='bbox 178 1574 300 1653; x_wconf 86' lang='lat' dir='ltr'>aliquid</span> <span class='ocrx_word' id='word_1_98' title='bbox 322 1573 513 1651; x_wconf 90' lang='lat' dir='ltr'>quandoque</span> <span class='ocrx_word' id='word_1_99' title='bbox 532 1573 730 1650; x_wconf 88' lang='lat' dir='ltr'>persuadeat,</span> <span class='ocrx_word' id='word_1_100' title='bbox 755 1575 839 1650; x_wconf 90' lang='lat' dir='ltr'>quod</span> <span class='ocrx_word' id='word_1_101' title='bbox 860 1575 1010 1635; x_wconf 79' lang='lat' dir='ltr'>Ecclesiae</span> <span class='ocrx_word' id='word_1_102' title='bbox 1032 1573 1158 1650; x_wconf 88' lang='lat' dir='ltr'>legibus</span> 
     </span>
     <span class='ocr_line' id='line_1_15' title="bbox 179 1669 1156 1750; baseline -0.001 -17"><span class='ocrx_word' id='word_1_103' title='bbox 179 1673 372 1744; x_wconf 87' lang='lat' dir='ltr'>adversetur,</span> <span class='ocrx_word' id='word_1_104' title='bbox 386 1671 418 1730; x_wconf 92' lang='lat' dir='ltr'>id</span> <span class='ocrx_word' id='word_1_105' title='bbox 429 1669 547 1749; x_wconf 91' lang='lat' dir='ltr'>poterit</span> <span class='ocrx_word' id='word_1_106' title='bbox 557 1669 690 1731; x_wconf 90' lang='lat' dir='ltr'>civiliter</span> <span class='ocrx_word' id='word_1_107' title='bbox 699 1669 860 1749; x_wconf 90' lang='lat' dir='ltr'>imperari.</span> <span class='ocrx_word' id='word_1_108' title='bbox 870 1673 916 1731; x_wconf 93' lang='lat' dir='ltr'>En</span> <span class='ocrx_word' id='word_1_109' title='bbox 924 1673 995 1750; x_wconf 85' lang='lat' dir='ltr'>jnra</span> <span class='ocrx_word' id='word_1_110' title='bbox 1003 1671 1156 1733; x_wconf 85' lang='lat' dir='ltr'>Ecclesiae</span> 
     </span>
     <span class='ocr_line' id='line_1_16' title="bbox 117 1767 1155 1844; baseline -0.003 -12"><span class='ocrx_word' id='word_1_111' title='bbox 117 1827 126 1842; x_wconf 90' lang='grc'><em>,</em></span> <span class='ocrx_word' id='word_1_112' title='bbox 179 1771 213 1832; x_wconf 91' lang='lat' dir='ltr'>in</span> <span class='ocrx_word' id='word_1_113' title='bbox 232 1769 403 1830; x_wconf 87' lang='lat' dir='ltr'>discrimen</span> <span class='ocrx_word' id='word_1_114' title='bbox 422 1768 569 1844; x_wconf 88' lang='lat' dir='ltr'>adducta,</span> <span class='ocrx_word' id='word_1_115' title='bbox 585 1772 616 1829; x_wconf 91' lang='lat' dir='ltr'>et</span> <span class='ocrx_word' id='word_1_116' title='bbox 630 1767 772 1828; x_wconf 88' lang='lat' dir='ltr'>fidelium</span> <span class='ocrx_word' id='word_1_117' title='bbox 788 1769 982 1830; x_wconf 88' lang='lat' dir='ltr'>conscientia</span> <span class='ocrx_word' id='word_1_118' title='bbox 995 1769 1155 1830; x_wconf 89' lang='lat' dir='ltr'>violenter</span> 
     </span>
     <span class='ocr_line' id='line_1_17' title="bbox 178 1852 544 1947; baseline -0.014 -16"><span class='ocrx_word' id='word_1_119' title='bbox 178 1884 338 1947; x_wconf 90' lang='lat' dir='ltr'>oppressa.</span> <span class='ocrx_word' id='word_1_120' title='bbox 534 1852 544 1871; x_wconf 60' lang='lat'>‘</span> 
     </span>
    </p>

    <p class='ocr_par' dir='ltr' id='par_1_6' title="bbox 174 1961 1155 2626">
     <span class='ocr_line' id='line_1_18' title="bbox 219 1961 1155 2042; baseline 0 -16"><span class='ocrx_word' id='word_1_121' title='bbox 219 1965 253 2026; x_wconf 88' lang='lat' dir='ltr'>Si</span> <span class='ocrx_word' id='word_1_122' title='bbox 263 1981 337 2026; x_wconf 85' lang='lat' dir='ltr'>vero</span> <span class='ocrx_word' id='word_1_123' title='bbox 354 1981 441 2026; x_wconf 87' lang='lat' dir='ltr'>error</span> <span class='ocrx_word' id='word_1_124' title='bbox 453 1962 505 2024; x_wconf 92' lang='lat' dir='ltr'>ille</span> <span class='ocrx_word' id='word_1_125' title='bbox 517 1981 537 2023; x_wconf 93' lang='lat' dir='ltr'>a</span> <span class='ocrx_word' id='word_1_126' title='bbox 550 1962 651 2042; x_wconf 86' lang='lat' dir='ltr'>logica</span> <span class='ocrx_word' id='word_1_127' title='bbox 665 1961 783 2037; x_wconf 86' lang='lat' dir='ltr'>deficit,</span> <span class='ocrx_word' id='word_1_128' title='bbox 796 1966 890 2041; x_wconf 90' lang='lat' dir='ltr'>atque</span> <span class='ocrx_word' id='word_1_129' title='bbox 900 1961 939 2023; x_wconf 89' lang='lat' dir='ltr'>ab</span> <span class='ocrx_word' id='word_1_130' title='bbox 954 1963 1155 2026; x_wconf 82' lang='lat' dir='ltr'>Ecclesiaste</span> 
     </span>
     <span class='ocr_line' id='line_1_19' title="bbox 179 2059 1153 2141; baseline -0.003 -18"><span class='ocrx_word' id='word_1_131' title='bbox 179 2063 304 2124; x_wconf 87' lang='lat' dir='ltr'>Statum</span> <span class='ocrx_word' id='word_1_132' title='bbox 328 2066 463 2140; x_wconf 88' lang='lat' dir='ltr'>separat,</span> <span class='ocrx_word' id='word_1_133' title='bbox 487 2066 522 2122; x_wconf 90' lang='lat' dir='ltr'>ut</span> <span class='ocrx_word' id='word_1_134' title='bbox 548 2059 577 2121; x_wconf 93' lang='lat' dir='ltr'>ei</span> <span class='ocrx_word' id='word_1_135' title='bbox 602 2077 662 2121; x_wconf 94' lang='lat' dir='ltr'>nec</span> <span class='ocrx_word' id='word_1_136' title='bbox 689 2077 783 2139; x_wconf 91' lang='lat' dir='ltr'>opem</span> <span class='ocrx_word' id='word_1_137' title='bbox 804 2060 895 2134; x_wconf 85' lang='lat' dir='ltr'>ferat,</span> <span class='ocrx_word' id='word_1_138' title='bbox 920 2077 978 2122; x_wconf 90' lang='lat' dir='ltr'>nec</span> <span class='ocrx_word' id='word_1_139' title='bbox 1005 2061 1153 2141; x_wconf 89' lang='lat' dir='ltr'>injuriam</span> 
     </span>
     <span class='ocr_line' id='line_1_20' title="bbox 178 2157 1152 2236; baseline -0.002 -16"><span class='ocrx_word' id='word_1_140' title='bbox 178 2159 311 2236; x_wconf 74' lang='lat' dir='ltr'>irroget,</span> <span class='ocrx_word' id='word_1_141' title='bbox 325 2159 461 2219; x_wconf 87' lang='lat' dir='ltr'>latemur</span> <span class='ocrx_word' id='word_1_142' title='bbox 473 2163 617 2220; x_wconf 89' lang='lat' dir='ltr'>tenorem</span> <span class='ocrx_word' id='word_1_143' title='bbox 628 2157 712 2218; x_wconf 92' lang='lat' dir='ltr'>hune</span> <span class='ocrx_word' id='word_1_144' title='bbox 725 2157 830 2218; x_wconf 91' lang='lat' dir='ltr'>minus</span> <span class='ocrx_word' id='word_1_145' title='bbox 842 2175 909 2218; x_wconf 91' lang='lat' dir='ltr'>esse</span> <span class='ocrx_word' id='word_1_146' title='bbox 925 2158 1152 2236; x_wconf 91' lang='lat' dir='ltr'>perniciosum,</span> 
     </span>
     <span class='ocr_line' id='line_1_21' title="bbox 176 2254 1152 2336; baseline -0.002 -18"><span class='ocrx_word' id='word_1_147' title='bbox 176 2261 209 2318; x_wconf 86' lang='lat' dir='ltr'>ct</span> <span class='ocrx_word' id='word_1_148' title='bbox 219 2257 375 2336; x_wconf 89' lang='lat' dir='ltr'>jacturam</span> <span class='ocrx_word' id='word_1_149' title='bbox 388 2255 515 2316; x_wconf 82' lang='lat' dir='ltr'>facilius</span> <span class='ocrx_word' id='word_1_150' title='bbox 525 2255 721 2316; x_wconf 86' lang='lat' dir='ltr'>tolerandam</span> <span class='ocrx_word' id='word_1_151' title='bbox 731 2254 905 2316; x_wconf 90' lang='lat' dir='ltr'>includere.</span> <span class='ocrx_word' id='word_1_152' title='bbox 917 2256 985 2316; x_wconf 92' lang='lat' dir='ltr'>lmo</span> <span class='ocrx_word' id='word_1_153' title='bbox 995 2257 1152 2336; x_wconf 85' lang='lat' dir='ltr'>ejusmodi</span> 
     </span>
     <span class='ocr_line' id='line_1_22' title="bbox 177 2351 1154 2430; baseline -0.001 -14"><span class='ocrx_word' id='word_1_154' title='bbox 177 2358 235 2426; x_wconf 88' lang='lat' dir='ltr'>est,</span> <span class='ocrx_word' id='word_1_155' title='bbox 247 2357 282 2414; x_wconf 94' lang='lat' dir='ltr'>ut</span> <span class='ocrx_word' id='word_1_156' title='bbox 294 2352 327 2412; x_wconf 93' lang='lat' dir='ltr'>in</span> <span class='ocrx_word' id='word_1_157' title='bbox 341 2353 502 2413; x_wconf 89' lang='lat' dir='ltr'>nonnullis</span> <span class='ocrx_word' id='word_1_158' title='bbox 512 2351 732 2426; x_wconf 79' lang='lat' dir='ltr'>societatibus,</span> <span class='ocrx_word' id='word_1_159' title='bbox 743 2369 813 2430; x_wconf 83' lang='lat' dir='ltr'>quae</span> <span class='ocrx_word' id='word_1_160' title='bbox 826 2369 864 2413; x_wconf 80' lang='lat' dir='ltr'>ex</span> <span class='ocrx_word' id='word_1_161' title='bbox 875 2353 1059 2415; x_wconf 89' lang='lat' dir='ltr'>hominibus</span> <span class='ocrx_word' id='word_1_162' title='bbox 1070 2356 1154 2416; x_wconf 90' lang='lat' dir='ltr'>mul-</span> 
     </span>
     <span class='ocr_line' id='line_1_23' title="bbox 174 2448 1147 2530; baseline -0.001 -17"><span class='ocrx_word' id='word_1_163' title='bbox 174 2450 301 2530; x_wconf 90' lang='lat' dir='ltr'>tiplices</span> <span class='ocrx_word' id='word_1_164' title='bbox 324 2454 356 2509; x_wconf 90' lang='lat' dir='ltr'>et</span> <span class='ocrx_word' id='word_1_165' title='bbox 379 2449 555 2510; x_wconf 86' lang='lat' dir='ltr'>contrarios</span> <span class='ocrx_word' id='word_1_166' title='bbox 579 2448 683 2510; x_wconf 91' lang='lat' dir='ltr'>cultus</span> <span class='ocrx_word' id='word_1_167' title='bbox 705 2448 927 2528; x_wconf 89' lang='lat' dir='ltr'>profitentibus</span> <span class='ocrx_word' id='word_1_168' title='bbox 952 2452 1147 2526; x_wconf 87' lang='lat' dir='ltr'>coalescunt,</span> 
     </span>
     <span class='ocr_line' id='line_1_24' title="bbox 174 2547 425 2626; baseline -0.008 -16"><span class='ocrx_word' id='word_1_169' title='bbox 174 2547 264 2610; x_wconf 87' lang='lat' dir='ltr'>vitari</span> <span class='ocrx_word' id='word_1_170' title='bbox 278 2553 425 2626; x_wconf 84' lang='lat' dir='ltr'>nequeat.</span> 
     </span>
    </p>

    <p class='ocr_par' dir='ltr' id='par_1_7' title="bbox 152 2643 1152 2725">
     <span class='ocr_line' id='line_1_25' title="bbox 152 2643 1152 2725; baseline 0.001 -18"><span class='ocrx_word' id='word_1_171' title='bbox 152 2661 153 2664; x_wconf 72' lang='grc'>’</span> <span class='ocrx_word' id='word_1_172' title='bbox 213 2647 333 2708; x_wconf 83' lang='lat' dir='ltr'>Verum</span> <span class='ocrx_word' id='word_1_173' title='bbox 354 2646 422 2706; x_wconf 72' lang='lat' dir='ltr'>hene</span> <span class='ocrx_word' id='word_1_174' title='bbox 440 2643 585 2725; x_wconf 82' lang='lat' dir='ltr'>separatio</span> <span class='ocrx_word' id='word_1_175' title='bbox 606 2643 730 2704; x_wconf 80' lang='lat' dir='ltr'>relativo</span> <span class='ocrx_word' id='word_1_176' title='bbox 749 2663 814 2706; x_wconf 91' lang='lat' dir='ltr'>non</span> <span class='ocrx_word' id='word_1_177' title='bbox 836 2663 873 2707; x_wconf 86' lang='lat' dir='ltr'>ex</span> <span class='ocrx_word' id='word_1_178' title='bbox 891 2645 1014 2720; x_wconf 90' lang='lat' dir='ltr'>ordine,</span> <span class='ocrx_word' id='word_1_179' title='bbox 1033 2649 1088 2708; x_wconf 93' lang='lat' dir='ltr'>sed</span> <span class='ocrx_word' id='word_1_180' title='bbox 1112 2663 1152 2708; x_wconf 82' lang='lat' dir='ltr'>ex</span> 
     </span>
    </p>
   </div>
   <div class='ocr_carea' id='block_1_5' title="bbox 173 2727 1198 2820">
    <p class='ocr_par' dir='ltr' id='par_1_8' title="bbox 173 2727 1198 2820">
     <span class='ocr_line' id='line_1_26' title="bbox 173 2727 1198 2820; baseline 0.004 -16"><span class='ocrx_word' id='word_1_181' title='bbox 173 2741 294 2804; x_wconf 89' lang='lat' dir='ltr'>ordinis</span> <span class='ocrx_word' id='word_1_182' title='bbox 324 2741 476 2804; x_wconf 52' lang='lat' dir='ltr'>carentia*</span> <span class='ocrx_word' id='word_1_183' title='bbox 500 2742 639 2802; x_wconf 87' lang='lat' dir='ltr'>resultat.</span> <span class='ocrx_word' id='word_1_184' title='bbox 671 2743 861 2820; x_wconf 85' lang='lat' dir='ltr'>imperfecta</span> <span class='ocrx_word' id='word_1_185' title='bbox 889 2743 974 2804; x_wconf 90' lang='lat' dir='ltr'>enim</span> <span class='ocrx_word' id='word_1_186' title='bbox 1003 2727 1161 2806; x_wconf 81' lang='lat' dir='ltr'>conditio‘</span> <span class='ocrx_word' id='word_1_187' title='bbox 1196 2801 1198 2808; x_wconf 84' lang='lat'>.</span> 
     </span>
    </p>
   </div>
   <div class='ocr_carea' id='block_1_6' title="bbox 169 2838 1148 3216">
    <p class='ocr_par' dir='ltr' id='par_1_9' title="bbox 169 2838 1148 3216">
     <span class='ocr_line' id='line_1_27' title="bbox 173 2838 1146 2918; baseline 0 -16"><span class='ocrx_word' id='word_1_188' title='bbox 173 2857 281 2902; x_wconf 90' lang='lat' dir='ltr'>earum</span> <span class='ocrx_word' id='word_1_189' title='bbox 292 2840 478 2902; x_wconf 88' lang='lat' dir='ltr'>societatum</span> <span class='ocrx_word' id='word_1_190' title='bbox 489 2838 638 2918; x_wconf 88' lang='lat' dir='ltr'>prohibet</span> <span class='ocrx_word' id='word_1_191' title='bbox 651 2839 821 2918; x_wconf 89' lang='lat' dir='ltr'>quominus</span> <span class='ocrx_word' id='word_1_192' title='bbox 832 2839 866 2900; x_wconf 90' lang='lat' dir='ltr'>in</span> <span class='ocrx_word' id='word_1_193' title='bbox 877 2839 982 2902; x_wconf 87' lang='lat' dir='ltr'>debita</span> <span class='ocrx_word' id='word_1_194' title='bbox 994 2842 1146 2903; x_wconf 86' lang='lat' dir='ltr'>relatione</span> 
     </span>
     <span class='ocr_line' id='line_1_28' title="bbox 170 2935 1147 3018; baseline -0.002 -18"><span class='ocrx_word' id='word_1_195' title='bbox 170 2939 275 3018; x_wconf 87' lang='lat' dir='ltr'>quoad</span> <span class='ocrx_word' id='word_1_196' title='bbox 288 2937 464 3000; x_wconf 87' lang='lat' dir='ltr'>Ecclesiam</span> <span class='ocrx_word' id='word_1_197' title='bbox 478 2955 510 2998; x_wconf 90' lang='lat' dir='ltr'>se</span> <span class='ocrx_word' id='word_1_198' title='bbox 524 2935 728 2998; x_wconf 87' lang='lat' dir='ltr'>constituant.</span> <span class='ocrx_word' id='word_1_199' title='bbox 740 2938 847 3017; x_wconf 88' lang='lat' dir='ltr'>ltaque</span> <span class='ocrx_word' id='word_1_200' title='bbox 861 2938 886 2998; x_wconf 91' lang='lat' dir='ltr'>si</span> <span class='ocrx_word' id='word_1_201' title='bbox 900 2943 1046 3000; x_wconf 90' lang='lat' dir='ltr'>naturam</span> <span class='ocrx_word' id='word_1_202' title='bbox 1059 2937 1147 3000; x_wconf 90' lang='lat' dir='ltr'>ordi-</span> 
     </span>
     <span class='ocr_line' id='line_1_29' title="bbox 169 3033 1148 3115; baseline 0.002 -19"><span class='ocrx_word' id='word_1_203' title='bbox 169 3041 251 3098; x_wconf 84' lang='lat' dir='ltr'>natae</span> <span class='ocrx_word' id='word_1_204' title='bbox 266 3037 428 3098; x_wconf 90' lang='lat' dir='ltr'>societatis</span> <span class='ocrx_word' id='word_1_205' title='bbox 440 3053 503 3096; x_wconf 91' lang='lat' dir='ltr'>non</span> <span class='ocrx_word' id='word_1_206' title='bbox 514 3035 573 3096; x_wconf 88' lang='lat' dir='ltr'>rite</span> <span class='ocrx_word' id='word_1_207' title='bbox 589 3033 755 3114; x_wconf 89' lang='lat' dir='ltr'>attingant,</span> <span class='ocrx_word' id='word_1_208' title='bbox 770 3036 802 3096; x_wconf 93' lang='lat' dir='ltr'>id</span> <span class='ocrx_word' id='word_1_209' title='bbox 818 3037 956 3115; x_wconf 86' lang='lat' dir='ltr'>pertinet</span> <span class='ocrx_word' id='word_1_210' title='bbox 969 3038 1009 3096; x_wconf 89' lang='lat' dir='ltr'>ad</span> <span class='ocrx_word' id='word_1_211' title='bbox 1023 3055 1148 3100; x_wconf 90' lang='lat' dir='ltr'>earum-</span> 
     </span>
     <span class='ocr_line' id='line_1_30' title="bbox 169 3134 1148 3216; baseline 0.003 -22"><span class='ocrx_word' id='word_1_212' title='bbox 169 3134 242 3195; x_wconf 92' lang='lat' dir='ltr'>dem</span> <span class='ocrx_word' id='word_1_213' title='bbox 258 3134 556 3213; x_wconf 88' lang='lat' dir='ltr'>imperlectionem;</span> <span class='ocrx_word' id='word_1_214' title='bbox 574 3135 846 3211; x_wconf 89' lang='lat' dir='ltr'>quemadmodum</span> <span class='ocrx_word' id='word_1_215' title='bbox 862 3153 926 3196; x_wconf 90' lang='lat' dir='ltr'>non</span> <span class='ocrx_word' id='word_1_216' title='bbox 943 3136 1002 3197; x_wconf 89' lang='lat' dir='ltr'>rite</span> <span class='ocrx_word' id='word_1_217' title='bbox 1019 3135 1148 3216; x_wconf 86' lang='lat' dir='ltr'>attingit</span> 
     </span>
    </p>
   </div>
   <div class='ocr_carea' id='block_1_7' title="bbox 80 3225 1263 3411">
    <p class='ocr_par' dir='ltr' id='par_1_10' title="bbox 80 3225 1263 3411">
     <span class='ocr_line' id='line_1_31' title="bbox 101 3225 1263 3312; baseline 0 -18"><span class='ocrx_word' id='word_1_218' title='bbox 101 3263 106 3278; x_wconf 58' lang='grc' dir='ltr'><em>ι</em></span> <span class='ocrx_word' id='word_1_219' title='bbox 167 3233 306 3294; x_wconf 89' lang='lat' dir='ltr'>hominis</span> <span class='ocrx_word' id='word_1_220' title='bbox 317 3241 463 3296; x_wconf 86' lang='lat' dir='ltr'>naturam</span> <span class='ocrx_word' id='word_1_221' title='bbox 477 3233 513 3304; x_wconf 84' lang='lat' dir='ltr'>is,</span> <span class='ocrx_word' id='word_1_222' title='bbox 525 3232 579 3312; x_wconf 92' lang='lat' dir='ltr'>qui</span> <span class='ocrx_word' id='word_1_223' title='bbox 591 3251 706 3310; x_wconf 92' lang='lat' dir='ltr'>eorpus</span> <span class='ocrx_word' id='word_1_224' title='bbox 718 3231 946 3294; x_wconf 88' lang='lat' dir='ltr'>sinerelatione</span> <span class='ocrx_word' id='word_1_225' title='bbox 957 3233 1146 3294; x_wconf 86' lang='lat' dir='ltr'>adanimam</span> <span class='ocrx_word' id='word_1_226' title='bbox 1258 3225 1263 3230; x_wconf 67' lang='grc'><strong>’</strong></span> 
     </span>
     <span class='ocr_line' id='line_1_32' title="bbox 80 3329 656 3411; baseline -0.009 -16"><span class='ocrx_word' id='word_1_227' title='bbox 80 3329 83 3339; x_wconf 76' lang='grc'>’</span> <span class='ocrx_word' id='word_1_228' title='bbox 167 3330 399 3410; x_wconf 81' lang='lat' dir='ltr'>perficiendum</span> <span class='ocrx_word' id='word_1_229' title='bbox 415 3331 476 3393; x_wconf 92' lang='lat' dir='ltr'>sibi</span> <span class='ocrx_word' id='word_1_230' title='bbox 494 3330 656 3411; x_wconf 85' lang='lat' dir='ltr'>proponit.</span> 
     </span>
    </p>
   </div>
   <div class='ocr_carea' id='block_1_8' title="bbox 153 3427 1144 3704">
    <p class='ocr_par' dir='ltr' id='par_1_11' title="bbox 153 3427 1144 3704">
     <span class='ocr_line' id='line_1_33' title="bbox 153 3427 1144 3508; baseline -0.003 -17"><span class='ocrx_word' id='word_1_231' title='bbox 153 3473 158 3482; x_wconf 80' lang='lat'><em>·</em></span> <span class='ocrx_word' id='word_1_232' title='bbox 204 3429 287 3491; x_wconf 87' lang='lat' dir='ltr'>Vera</span> <span class='ocrx_word' id='word_1_233' title='bbox 297 3429 550 3506; x_wconf 88' lang='lat' dir='ltr'>igiturdoetrina</span> <span class='ocrx_word' id='word_1_234' title='bbox 560 3430 615 3490; x_wconf 89' lang='lat' dir='ltr'>illa</span> <span class='ocrx_word' id='word_1_235' title='bbox 626 3433 684 3504; x_wconf 87' lang='lat' dir='ltr'>est,</span> <span class='ocrx_word' id='word_1_236' title='bbox 698 3447 768 3507; x_wconf 86' lang='lat' dir='ltr'>quae</span> <span class='ocrx_word' id='word_1_237' title='bbox 780 3434 947 3508; x_wconf 88' lang='lat' dir='ltr'>utramque</span> <span class='ocrx_word' id='word_1_238' title='bbox 958 3427 1144 3490; x_wconf 89' lang='lat' dir='ltr'>societatem</span> 
     </span>
     <span class='ocr_line' id='line_1_34' title="bbox 166 3523 1143 3604; baseline -0.001 -17"><span class='ocrx_word' id='word_1_239' title='bbox 166 3524 211 3588; x_wconf 88' lang='lat' dir='ltr'>sic</span> <span class='ocrx_word' id='word_1_240' title='bbox 226 3523 401 3604; x_wconf 84' lang='lat' dir='ltr'>distinguit,</span> <span class='ocrx_word' id='word_1_241' title='bbox 420 3533 455 3588; x_wconf 88' lang='lat' dir='ltr'>ut</span> <span class='ocrx_word' id='word_1_242' title='bbox 467 3532 574 3590; x_wconf 89' lang='lat' dir='ltr'>tamen</span> <span class='ocrx_word' id='word_1_243' title='bbox 589 3544 655 3589; x_wconf 92' lang='lat' dir='ltr'>non</span> <span class='ocrx_word' id='word_1_244' title='bbox 670 3526 807 3602; x_wconf 84' lang='lat' dir='ltr'>divellat,</span> <span class='ocrx_word' id='word_1_245' title='bbox 823 3528 879 3589; x_wconf 92' lang='lat' dir='ltr'>sed</span> <span class='ocrx_word' id='word_1_246' title='bbox 896 3523 1080 3588; x_wconf 88' lang='lat' dir='ltr'>harmonice</span> <span class='ocrx_word' id='word_1_247' title='bbox 1094 3544 1143 3588; x_wconf 90' lang='lat' dir='ltr'>or·</span> 
     </span>
     <span class='ocr_line' id='line_1_35' title="bbox 167 3623 1141 3704; baseline -0.001 -18"><span class='ocrx_word' id='word_1_248' title='bbox 167 3623 257 3688; x_wconf 89' lang='lat' dir='ltr'>diuet</span> <span class='ocrx_word' id='word_1_249' title='bbox 271 3623 354 3686; x_wconf 91' lang='lat' dir='ltr'>inter</span> <span class='ocrx_word' id='word_1_250' title='bbox 368 3641 412 3700; x_wconf 85' lang='lat' dir='ltr'>se,</span> <span class='ocrx_word' id='word_1_251' title='bbox 425 3625 506 3687; x_wconf 87' lang='lat' dir='ltr'>sicut</span> <span class='ocrx_word' id='word_1_252' title='bbox 519 3625 704 3688; x_wconf 89' lang='lat' dir='ltr'>harmonice</span> <span class='ocrx_word' id='word_1_253' title='bbox 717 3625 857 3687; x_wconf 88' lang='lat' dir='ltr'>ordinari</span> <span class='ocrx_word' id='word_1_254' title='bbox 872 3624 1010 3704; x_wconf 90' lang='lat' dir='ltr'>postulat</span> <span class='ocrx_word' id='word_1_255' title='bbox 1024 3641 1141 3703; x_wconf 91' lang='lat' dir='ltr'>corpus</span> 
     </span>
    </p>
   </div>
   <div class='ocr_carea' id='block_1_9' title="bbox 0 0 1314 4252">
    <p class='ocr_par' dir='ltr' id='par_1_12' title="bbox 0 0 1314 4252">
     <span class='ocr_line' id='line_1_36' title="bbox 0 0 1314 4252; baseline 0 3"><span class='ocrx_word' id='word_1_256' title='bbox 0 0 1314 4252; x_wconf 95' lang='lat' dir='ltr'> </span> 
     </span>
    </p>
   </div>
  </div>
 </body>
</html>
