2590 4262
454 265 527 312 PARS
549 267 713 314 succinus·
1016 271 1069 317 tua

132 393 164 449 2.
188 385 312 468 Reputo
336 385 370 447 de
386 384 557 465 opponendis
574 385 798 466 exceptionibus.
818 419 859 431 -
879 386 992 462 Princo,
1017 388 1072 450 de-

90 484 250 547 fensionis
264 484 397 544 facultas
415 481 537 543 nemini
554 483 724 544 adimenda
735 488 792 560 est,
808 501 882 544 nam
896 484 967 562 J'ure
981 488 1072 546 natu-

90 583 155 645 rali
170 582 292 644 nititur.

138 678 284 753 Secundo,
301 680 504 757 exceptiones
520 678 675 740 dilatoriae
688 679 770 740 inter
782 679 911 740 exordia
924 679 988 741 litis
999 697 1072 759 pro·
1159 663 1162 672 ’

92 777 257 856 ponendae
279 784 361 852 sunt,
385 777 447 837 nisi
466 781 577 856 postea
590 776 801 852 suboriantur,
826 777 875 838 vel
893 781 1003 856 postea
1024 777 1072 837 in-

91 865 273 936 notescunt.

140 970 246 1049 Tertio,
262 971 342 1033 nihil
362 971 475 1047 obstat,
494 970 571 1050 quin
585 987 656 1032 reus
678 970 823 1048 pluribus
838 970 1073 1033 defensionibus

95 1075 215 1132 utatur.
528 1123 530 1128 ,

140 1167 263 1242 Quarto,
287 1184 359 1228 reus
383 1167 572 1247 exceptione
594 1165 683 1244 quasi
706 1169 795 1226 actor
814 1165 958 1226 efficitur.
974 1167 1074 1246 Prop-

97 1271 185 1327 terea
212 1265 293 1326 sicut
316 1283 395 1326 onus
414 1264 571 1346 probandi
589 1265 628 1324 ad
652 1268 793 1324 actorem
812 1263 962 1340 pertinet,
982 1261 1074 1325 itaet

98 1379 172 1423 reus
183 1362 401 1440 exceptionem
416 1381 504 1424 snam
520 1362 654 1441 probare
671 1361 776 1422 dehet.
793 1361 824 1420 Si
838 1366 945 1422 tamen
959 1361 992 1419 in
1003 1377 1074 1439 prc

99 1457 230 1518 batione
250 1456 384 1533 deficiat,
406 1475 469 1519 non
484 1456 558 1521 ideo
573 1456 679 1520 statim
694 1462 781 1518 actor
796 1454 893 1518 vincit
905 1461 1074 1534 antequam

100 1552 263 1615 actionem
279 1572 364 1616 suam
381 1553 583 1633 probaverit;
603 1571 678 1614 nam
697 1571 768 1615 rcus
784 1553 1002 1633 exceptionem
1018 1553 1075 1615 ob-

99 1649 216 1730 jiciens
229 1668 293 1712 non
307 1657 454 1713 censetur
469 1651 613 1714 confiteri
629 1651 681 1732 (l).

140 1749 180 1808 ll.
208 1749 274 1809 lieo
299 1766 364 1809 non
389 1753 512 1811 tantum
541 1747 694 1828 competit
721 1748 772 1827 Jus
804 1747 923 1810 directe
948 1762 1076 1811 causam

103 1862 192 1906 suam
207 1845 411 1921 defendendi,
429 1846 483 1908 sed
499 1845 594 1908 etiam
609 1844 791 1926 postulandi
804 1845 952 1925 ajudice,
967 1850 1003 1907 ut
1015 1844 1076 1908 sihi

104 1958 139 2002 ex
163 1947 271 2004 actore
290 1942 419 2020 justitia
451 1943 666 2019 exhibeatur;
698 1946 785 2023 quod
811 1945 846 2004 fit
873 1943 985 2004 mutuis
1004 1942 1077 2022 peti-

105 2038 235 2100 tionibus.
321 2045 323 2050 ’

144 2135 250 2196 Mutuo
266 2137 370 2216 petitio
388 2155 443 2199 seu
461 2139 666 2201 reconventic
685 2143 839 2213 estuatus,
855 2155 1003 2218 quorsus,
1019 2136 1078 2197 uuo

104 2232 212 2294 actoris
227 2231 332 2306 libello,
348 2235 476 2315 eumdem
493 2235 643 2300 coustituit
661 2255 754 2311 reum,
779 2244 808 2296 et
831 2234 956 2295 uicissim
967 2233 1080 2315 aliquid

102 2329 141 2391 ob
154 2349 186 2391 eo
197 2330 273 2410 petit
286 2349 383 2392 corum
396 2331 491 2394 eodem
497 2333 602 2413 judice
613 2352 648 2393 oc
659 2332 690 2392 iu
706 2331 801 2394 eodem
806 2332 933 2414 judicto.

141 2428 199 2490 lus
222 2427 476 2490 reconventionis
507 2429 619 2493 nititur
645 2429 805 2510 aequitate,
823 2446 897 2491 cum
918 2429 985 2507 ejus
1006 2426 1077 2486 finis

103 2523 141 2586 sit
153 2526 382 2603 compensatio.
402 2528 511 2605 ltaque
526 2528 559 2588 in
576 2528 688 2603 causis,
708 2527 871 2606 inquibus
890 2539 1078 2604 compensa·

103 2621 146 2685 tio
161 2624 274 2686 locum
284 2624 467 2702 nonhabet,
485 2632 593 2688 mutua
608 2623 719 2706 petitio
732 2624 868 2705 proponi
877 2621 998 2700 nequit.
1011 2622 1079 2680 llu-

101 2719 242 2800 jusmodi
255 2725 328 2782 sunt
340 2740 443 2784 causae
458 2722 649 2786 criminales.

141 2819 260 2881 Mutua
275 2819 439 2898 petitionis
461 2823 577 2902 duplex
602 2827 650 2884 est
673 2822 814 2883 effectus.
838 2815 929 2879 Prior
949 2818 996 2875 cst
1008 2830 1080 2891 pro-

104 2915 220 2994 ropotio
227 2916 448 2996 jurisdictionis,
465 2918 508 2980 ita
521 2905 556 2980 ut
567 2920 665 2998 judex
679 2918 719 2980 ab
738 2922 846 2978 actore
864 2909 1001 2974 recusari
1015 2926 1080 2970 non

103 3013 214 3090 possit.
234 3016 322 3077 Alter
339 3017 467 3078 effectus
483 3021 529 3077 est
538 3034 689 3095 processus
702 3012 900 3083 simulasses,
912 3007 955 3069 ita
976 3010 1012 3068 ut
1026 3021 1079 3068 ac·

104 3108 150 3171 tio
165 3115 197 3172 et
211 3113 413 3175 reconventio
429 3114 541 3175 eadem
553 3110 708 3174 sententia
722 3107 933 3172 terminentur
946 3105 999 3184 (2).

144 3208 197 3269 Ill.
226 3209 439 3290 Replr'eotiones
463 3214 535 3271 sunt
562 3207 677 3283 media,
701 3204 815 3286 quibus
836 3209 925 3266 actor
949 3206 1082 3266 conatur

104 3306 327 3386 exceptionem
341 3311 465 3380 tollere.
483 3307 573 3371 Sicut
585 3305 669 3370 enim
690 3323 762 3369 reus
780 3301 968 3383 exceptione,
982 3303 1081 3366 utitur

135 3531 168 3594 (1)
180 3530 363 3592 Decretoliuus,
376 3533 417 3582 lib.
433 3532 465 3593 ll,
478 3533 519 3583 tit.
538 3545 598 3593 xxv,
609 3530 641 3581 eie
654 3528 860 3596 suceptionious.

140 3612 174 3671 (t)
184 3609 259 3666 litu,
274 3612 314 3661 tit.
331 3625 366 3674 xv,
379 3611 411 3660 cle
422 3613 520 3662 Metuis
528 3610 703 3676 petitionibus.
