2604 4264
214 235 266 282 lte
381 237 539 284 lexeosITlo
562 235 740 282 uneflonlch
761 237 845 282 tulus
867 237 1023 284 cattorum.

252 353 289 413 ΙΙ.
309 352 450 434 Quojure
464 351 619 414 residentia
631 351 723 432 faerit
735 353 923 414 introducto?
936 354 1095 432 Equidem
1116 353 1209 416 resi·
1276 379 1277 388 ¹

213 450 320 511 dentia
334 451 524 512 clericorum
547 450 701 511 beneficia
726 455 832 512 curata
854 469 918 512 non
938 451 1128 512 habentium
1144 455 1203 513 est

209 547 288 625 Juris
298 548 521 622 ecelesiastici3
538 548 656 613 etenim
666 549 790 610 nullum
797 549 849 627 Jus
863 549 1006 609 divinum
1018 549 1199 626 reperitur,

213 661 250 706 ex
263 663 325 723 quo
336 646 408 708 talis
416 645 587 708 residentia
601 647 778 724 colligatur.
796 649 914 709 Verum
929 647 1197 742 cantrovertitur,

211 759 251 801 an
262 741 412 820 lipiscopi
429 747 460 804 et
480 742 610 820 parochi
631 743 703 821 jure
720 743 827 804 divino
848 743 897 805 vel
918 742 1140 805 ecclesiastico
1152 744 1200 804 ad

212 838 416 901 residentiam
428 839 623 918 obligentur.

252 939 281 995 l.
301 937 389 996 Hanc
411 935 641 1015 obligationem
662 936 914 1016 prestantissimi
932 936 1076 1016 theologi
1091 942 1126 999 et
1139 953 1199 998 ca·
1276 977 1277 1024 ,

212 1033 347 1094 nonistae
363 1050 401 1094 ex
420 1033 489 1112 ipso
509 1035 581 1113 jure
596 1035 705 1096 divino
720 1033 871 1108 derivant,
900 1051 968 1094 eam
987 1035 1200 1112 potissimum
1276 1029 1277 1064 ³

212 1130 253 1191 ob
273 1131 441 1206 rationem,
467 1133 552 1208 quod
581 1136 780 1209 «praecepto
807 1130 915 1192 divino
940 1133 1131 1193 mandatnm
1156 1133 1200 1194 sit

213 1232 372 1307 omnibus,
394 1231 511 1312 quibus
534 1233 713 1293 animarum
743 1251 818 1294 cura
843 1233 1017 1294 commissa
1038 1240 1095 1309 est,
1119 1249 1200 1294 oves

212 1347 283 1391 suas
297 1347 469 1408 agnoscere
494 1347 530 1390 ac
546 1347 676 1408 pascere
694 1330 747 1410 (l).
762 1353 776 1390 a
799 1330 865 1390 Nisi
879 1330 1030 1408 Episcopi
1043 1336 1074 1392 et
1087 1331 1199 1392 curati
1276 1383 1277 1412 ,

212 1429 371 1491 resideant
380 1427 413 1485 in
428 1444 483 1487 sua
495 1428 639 1502 ecelesia,
653 1446 717 1490 non
727 1434 860 1507 possunt
870 1445 943 1489 oves
956 1444 1027 1488 suas
1039 1445 1195 1506 pascere;

212 1543 287 1602 ergo
301 1525 383 1585 sicut
394 1525 466 1602 jure
482 1525 588 1586 divino
606 1531 754 1587 tenentur
776 1528 816 1586 ad
836 1527 1046 1604 pascendum,
1070 1525 1115 1586 ita
1142 1543 1199 1589 eo-
1276 1583 1277 1598 ,

212 1623 287 1683 dem
300 1621 371 1699 jure
386 1626 535 1684 tenentur
549 1625 587 1683 ad
603 1624 820 1685 residendum.

251 1721 281 1780 ἓ.
299 1718 460 1798 Quidquid
477 1720 517 1782 sit
532 1722 571 1782 de
585 1721 645 1782 hac
665 1721 889 1797 controversia,
914 1721 1034 1799 quaein
1054 1720 1199 1782 coneilio
1276 1711 1277 1736 ³

211 1813 398 1876 Tridentino
410 1833 475 1876 non
489 1817 593 1894 potuit
607 1818 646 1878 ad
660 1819 756 1878 finem
768 1817 900 1896 perduci
912 1817 965 1898 (h),
981 1816 1062 1877 illud
1077 1817 1198 1878 saltem

211 1912 379 1972 indubium
398 1919 455 1987 est,
473 1913 702 1994 obligationem
715 1915 895 1976 residentia
917 1919 985 1975 tum
1003 1931 1042 1975 ex
1056 1913 1198 1975 naturali
1276 1969 1277 1972 ,

213 2009 361 2086 aequitate
376 2013 445 2071 tum
458 2027 496 2071 ex
509 1991 578 2090 lege
593 2012 727 2089 positiva
749 2011 902 2072 canonica
923 2011 1032 2072 stricte
1046 2010 1195 2089 praecipi.
1276 2015 1277 2072 ζ

214 2106 357 2184 AEquitas
372 2107 458 2167 enim
482 2109 634 2170 naturalis
649 2109 797 2188 postulat,
815 2108 920 2186 utqui
940 2109 980 2167 ad
1003 2125 1118 2169 munus
1133 2125 1198 2186 pu-

213 2203 333 2265 blicum
354 2205 520 2282 deputatus
538 2211 596 2282 est,
621 2207 832 2283 personaliter
854 2205 932 2265 illud
958 2208 1082 2284 expleat
1105 2211 1139 2266 et
1163 2206 1197 2265 in

212 2302 284 2364 loco
299 2303 438 2364 muneris
454 2304 502 2364 sui
515 2305 612 2366 talem
625 2305 828 2383 praesentiam
841 2303 998 2382 exhibeat,
1016 2304 1118 2383 qualis
1134 2321 1196 2382 pro
1276 2369 1277 2388 ,

212 2399 296 2460 illins
310 2400 519 2478 implemento
533 2402 716 2480 requiritur.

254 2497 301 2557 Ad
323 2514 459 2558 canones
473 2499 559 2576 quod
579 2499 703 2576 attinet,
727 2499 787 2561 hac
808 2500 842 2559 in
861 2516 896 2560 re
911 2500 978 2578 jam
1002 2499 1036 2558 in
1055 2498 1197 2561 ecclesia

213 2593 363 2672 primaeva
378 2611 521 2655 summus
534 2613 644 2656 eorum
660 2602 726 2658 erat
737 2597 833 2677 rigor.
852 2599 931 2657 Nam
944 2596 1053 2658 clerici
1067 2597 1113 2658 ita
1126 2597 1196 2658 suis

212 2693 313 2754 titulis
336 2693 421 2753 affixi
444 2692 663 2769 censebantur,
682 2699 718 2756 ut
740 2694 860 2755 nemini
880 2711 990 2755 eorum
1009 2693 1077 2756 sine
1101 2695 1197 2755 venia

212 2789 361 2869 Episcopi
379 2788 418 2850 ab
438 2790 571 2852 ecclesia
592 2810 647 2852 sua
670 2791 779 2864 abesse
802 2791 939 2852 licuerit.
960 2791 1081 2853 Verum
1099 2792 1198 2852 dein·

214 2905 286 2968 ceps
304 2889 338 2951 in
352 2889 522 2951 residendo
535 2889 664 2952 licentia
675 2889 817 2965 invaluit,
832 2890 876 2951 ita
889 2895 924 2951 ut
938 2890 1045 2950 Patres
1060 2888 1196 2949 Triden-

212 2986 348 3049 linitum
359 2987 660 3066 variaantiquorum
670 2987 879 3049 conciliorum
891 2985 1194 3058 decretainnovare‚

213 3087 282 3142 tum
294 3102 401 3161 poenas
411 3085 444 3144 in
454 3102 524 3146 reos
536 3075 936 3145 decerneronecessarium
950 3083 1109 3144 duxerint.

254 3181 284 3239 3.
300 3182 488 3259 Hujusmodi
503 3181 720 3243 sanctionibus
733 3179 911 3258 poenalibus
929 3199 947 3240 a
967 3180 1107 3241 concilio
1128 3178 1198 3239 'l'ri-

215 3275 343 3337 dcntino
363 3278 487 3340 statutis
502 3279 609 3342 subest
625 3281 704 3341 illud
721 3278 915 3358 principium
928 3280 1087 3357 generale,
1106 3277 1197 3358 quod

213 3371 418 3462 beneficiatus
431 3377 552 3438 tructus
566 3396 631 3440 non
646 3379 740 3440 saciat
752 3394 837 3438 suos.

244 3516 278 3577 (ll
294 3513 430 3564 Concilium
440 3515 622 3574 Tridentlnnm,
635 3531 695 3570 sess.
708 3517 796 3574 XllIlI,
807 3529 863 3578 cap.
873 3531 891 3566 r.

245 3597 277 3659 (2)
290 3594 437 3644 Benedictus
451 3595 515 3655 XIV,
526 3594 556 3644 ele
569 3595 679 3658 synodo,
693 3599 735 3648 lib.
747 3599 803 3659 Vll,
814 3611 870 3658 cap.
891 3609 908 3645 r.
