2594 4286
455 344 527 388 PARS
549 345 712 390 sanctntlsa
1040 350 1072 396 55

91 425 285 540 singillatim
300 478 465 522 excurrere
482 461 658 540 oportebat,
672 469 707 524 ut
721 462 764 524 ita
776 463 1020 550 catechumenus
1035 467 1073 528 ad

89 575 165 620 rem
182 559 389 622 christianam
403 560 572 639 diligenter
586 560 814 624 institueretur.
1007 563 1011 574 '

356 829 361 835 ,
452 770 674 826 nnrrcunus
693 772 722 825 n
818 745 820 750 ⁴

340 923 373 962 DE
390 922 501 962 oraretis
519 923 551 962 Er
564 922 672 962 anninus
686 923 832 964 LAICORUH.
871 957 874 964 ,

123 1081 149 1143 ’ς
168 1085 192 1132 l.
206 1074 307 1132 Ollinia
321 1076 488 1131 communia
506 1075 659 1131 laicorum.
688 1127 689 1132 ,

131 1168 149 1231 ς
167 1167 193 1219 2.
207 1165 275 1220 lura
288 1163 438 1220 laicorum

326 1337 378 1398 fil.
394 1365 424 1376 -
437 1337 532 1392 Officia
547 1338 702 1390 eommunia
714 1338 858 1390 laieorum.

135 1484 163 1536 l.
178 1479 279 1536 Officia
290 1479 433 1535 laicorum
448 1480 559 1536 ratione
578 1480 661 1536 fidei.
714 1507 716 1513 ·

134 1574 164 1626 2.
182 1568 282 1624 Officia
297 1569 440 1625 laieorum
453 1571 564 1626 ratione
577 1569 804 1642 participationis
818 1575 1077 1630 sacramentorum.

136 1661 162 1714 3.
179 1657 281 1714 Officia
294 1650 439 1715 laieorum
448 1659 757 1716 rationeobadientiae.

346 1853 367 1900 l.
383 1849 471 1901 Officia
481 1849 600 1912 laicorum
613 1849 710 1899 ratione
724 1849 781 1900 fidei
791 1850 833 1913 (1).

139 2007 163 2067 Ι.
190 2005 351 2066 'leuentur
361 2006 479 2080 fideles,
495 2005 617 2067 ratione
627 2006 838 2078 vinculitidei‚
854 2005 1077 2084 fldeminbap'·

96 2105 198 2166 tismo
214 2108 376 2181 acceptam
400 2109 432 2165 et
455 2104 639 2166 solemniter
652 2105 792 2184 juratam
808 2104 988 2166 inviolatam
1012 2122 1076 2166 ser·

98 2220 176 2265 vare
188 2219 225 2264 ac
238 2201 384 2263 retinere.

142 2303 181 2364 ll.
205 2303 365 2362 Tenentur
379 2301 473 2360 fidem
487 2299 520 2359 in
532 2300 691 2378 baptismo
704 2305 882 2379 susceptam
897 2306 929 2362 et
940 2301 1077 2380 juratam

98 2418 169 2462 non
188 2401 290 2460 solum
315 2399 411 2459 corde
435 2397 565 2459 interius
584 2398 733 2474 retinere,
749 2399 804 2459 sed
828 2398 923 2459 etiam
943 2399 1078 2460 exterius

100 2498 274 2576 aliquando
289 2495 440 2575 profiteri.

144 2597 278 2674 Semper
293 2601 330 2655 et
346 2611 404 2672 pro
422 2609 547 2671 semper
567 2593 725 2655 abstinere
747 2593 865 2655 dehent
881 2611 899 2654 a
914 2595 1079 2672 negatione

102 2693 191 2753 fidei.
207 2694 255 2753 Ad
266 2691 493 2771 professionem
504 2690 576 2751 fidei
589 2691 674 2769 quud
688 2690 811 2766 attinet,
826 2692 979 2771 professio
992 2692 1080 2752 ordi-

102 2789 193 2851 naria
205 2791 240 2852 fit
252 2795 404 2869 peractus
420 2781 595 2850 ordinarios
608 2795 639 2850 et
653 2795 798 2850 externos
810 2789 984 2867 religionis,
999 2806 1079 2867 prae-

105 2888 217 2950 sertim
232 2888 354 2967 quoties
372 2887 417 2947 illi
432 2892 519 2948 actus
534 2892 606 2949 sunt
621 2885 782 2966 praecepti.
810 2886 965 2948 Proiessio
979 2891 1081 2947 extra-

105 2985 267 3047 ordinaria
289 2985 479 3064 quandoque
501 2986 548 3046 vel
572 2984 611 3045 ab
637 2985 757 3046 honore
784 2983 841 3044 Dei
868 2984 917 3044 vel
942 3001 959 3044 a
982 2984 1081 3046 salute

105 3083 246 3164 proximi
262 3083 444 3162 requiritur.
833 3067 836 3075 “

307 3285 332 3332 2.
353 3280 440 3333 Officia
453 3279 578 3334 laicorum
586 3279 681 3330 ratione
696 3277 826 3328 nilnisterii
837 3279 879 3345 (t).

773 3367 778 3396 l

146 3439 172 3502 1.
196 3437 319 3499 Fideles
341 3441 488 3500 tenentur
511 3435 544 3496 in
569 3451 683 3514 genere
706 3436 909 3498 sacramentis
935 3435 1082 3498 Ecclesia

137 3611 171 3672 (1)
187 3607 355 3659 Decretaliam
366 3608 409 3658 lib.
422 3609 442 3666 l,
461 3608 500 3659 tit.
514 3621 531 3657 r.
547 3633 578 3645 -
589 3607 642 3656 Lib.
653 3605 683 3668 V,
695 3584 738 3656 tttss
753 3619 798 3658 vn.

140 3690 175 3750 (2)
191 3688 327 3739 Concilium
336 3688 519 3760 tridentinum,
534 3701 595 3739 sess.
609 3687 662 3748 llll,
675 3701 730 3737 ean.
744 3699 782 3738 rr.
