2618 4252
501 224 574 268 rans
595 225 757 272 srucmus.
1062 216 1113 284 ssa

132 338 243 420 debet,
253 346 293 424 ut
305 355 379 404 cum
394 338 540 402 civilibus
555 339 717 419 guberniis
736 341 775 402 de
790 341 958 403 securitate
972 345 1004 403 et
1018 340 1115 401 liber-

130 437 1113 516 tatelicclesiae,dedisciplinaecclesiarumamicabilitertrac·

130 538 189 618 tet,
201 534 710 615 etpactaineatlcgibusEcclesia
719 537 905 597 conformia.
916 536 1054 598 Proinde
1061 535 1112 613 jus

127 631 264 698 ineundi
276 635 470 695 concordata
482 633 623 695 cohaeret
633 650 706 695 cum
719 639 830 695 natura
843 633 1008 713 primatus.

171 732 225 792 111.
252 730 373 806 Utilitas
387 729 637 808 concordatorum.
657 733 775 792 Eorum
793 730 916 810 origine
934 736 965 793 et
979 729 1111 792 historia

129 828 295 907 probatur,
310 847 431 907 eaquae
446 829 583 891 exterius
599 828 954 909 religionemalliciunt,
969 847 1034 890 non
1051 846 1110 906 pc·

130 924 231 986 tuisse
250 943 268 986 a
286 926 414 1004 regibus
436 925 588 1003 componi
608 925 675 986 sine
696 923 888 986 Pontificum
907 921 1107 986 auctoritaie.

129 1021 232 1100 Igitur
253 1023 448 1084 concordata
475 1022 599 1084 indulta
623 1027 708 1098 sunt,
732 1029 768 1084 ut
796 1021 926 1082 dissidia
947 1024 1110 1098 tollantur,

128 1118 273 1197 strictior
291 1124 322 1180 et
342 1117 465 1180 suavior
479 1136 554 1180 cum
570 1120 652 1182 Sede
667 1119 853 1198 Apostolica
869 1119 1053 1198 conjunctio
1066 1119 1110 1180 el-

131 1216 293 1292 ssorcscat‚
308 1217 401 1295 hujus
416 1217 554 1296 denique
565 1218 633 1296 lege
647 1222 679 1278 et
692 1216 882 1278 auctoritate
896 1221 1004 1294 gentes
1020 1218 1111 1278 drino

129 1329 240 1377 rerum
254 1313 542 1376 ecclesiasticarum
559 1314 671 1375 ordine
690 1313 927 1391 conquiescant.

171 1411 369 1472 concordata
376 1417 538 1488 nequeunt
548 1410 737 1490 impugnari,
746 1427 850 1488 neque
859 1411 981 1472 ratione
994 1427 1108 1484 causae,

132 1525 203 1590 quae
222 1512 270 1568 est
289 1507 443 1586 sapientia
464 1508 656 1570 Pontificum
677 1507 750 1569 lites
769 1513 892 1569 exortas
914 1525 1111 1586 componen-

131 1604 224 1677 tium;
240 1621 345 1690 neque
362 1603 485 1666 ratione
505 1604 588 1679 finis,
610 1603 769 1684 siquidem
785 1605 854 1685 ipse
875 1609 924 1667 est
938 1606 1111 1666 concordia

132 1700 215 1764 inter
229 1701 405 1764 Ecclesiam
423 1707 455 1763 et
468 1701 641 1781 Imperium
660 1702 849 1777 refovenda3
864 1719 968 1781 neque
987 1702 1109 1764 ratione

131 1799 242 1880 medii,
260 1815 334 1859 nam
349 1799 581 1860 concordatum
601 1804 649 1860 est
665 1799 834 1863 conventio
856 1816 918 1877 qua
938 1799 1111 1862 necessita-

130 1896 216 1956 tibus
229 1897 394 1974 utriusque
403 1895 569 1958 ¹societatis
584 1896 781 1976 providetur.

172 1994 445 2074 Concordatorum
465 1993 584 2054 utilitas
602 1993 698 2056 etiam
716 1993 889 2058 innotescit
910 2012 947 2058 ex
966 1995 1109 2074 ipsorum

130 2096 255 2170 natura,
273 2111 343 2171 quac
356 2111 441 2155 nunc
456 2093 688 2155 consideranda
701 2098 759 2156 est.

489 2353 710 2410 ARTICULUS
726 2355 756 2408 ΙΙ

437 2531 545 2575 nerunt
566 2536 804 2578 conconolrouurl.
827 2589 829 2593 ,

168 2711 184 2774 §
200 2711 227 2763 l.
250 2683 357 2763 Eorum
371 2708 504 2764 materia.

169 2799 229 2862 52.
252 2797 384 2859 Personae
395 2798 610 2854 contrahentes.

169 2887 185 2951 §
202 2887 231 2940 3.
254 2884 365 2960 Duplex
380 2886 621 2957 concordatorum
633 2885 754 2944 indoles.
780 2882 783 2887 ’

344 3085 359 3148 §
375 3085 401 3137 1.
415 3112 446 3124 -
464 3085 701 3143 conuerritorem
716 3087 835 3141 materia
852 3090 894 3152 lt).

129 3329 134 3337 ¹
173 3259 198 3319 I.
218 3257 352 3338 Duplici
364 3258 477 3338 ceneris
489 3267 615 3320 scotres
627 3279 693 3342 qocc
705 3261 886 3324 concordatis
901 3263 1110 3346 sufficiuntur.

135 3354 215 3415 Aliae
235 3354 348 3417 intime
369 3355 526 3419 inhaereut
548 3357 710 3446 Ecclesiae,
733 3359 825 3437 eique
841 3362 1036 3441 necessariae,
1054 3383 1112 3429 nec

167 3551 199 3611 ll)
217 3551 330 3616 dedicio,
344 3523 415 3601 luris
429 3553 529 3602 uoturoe
542 3556 566 3602 et
581 3555 693 3618 centlum
704 3555 880 3620 fondamento,
891 3557 934 3608 lib.
949 3559 994 3622 ΙΙΙ,
1004 3561 1043 3612 tit.
1061 3575 1106 3613 nu·

941 3653 986 3700 Νι
1027 3647 1029 3650 ¹
