2604 4264
418 261 494 306 ndns
515 261 712 308 senciens·
936 267 938 272 '
986 255 1035 303 137
1089 315 1092 322 Ι

63 381 198 446 debilem
213 376 479 442 consuetudinem
500 377 533 436 iu
552 376 690 439 concilio
704 375 906 440 Lateranensi
919 373 978 438 sub
990 376 1037 436 lu·
1084 443 1092 459 ⁸

67 477 214 542 nocentio
228 478 271 540 lv
286 475 462 554 probatam.
484 474 653 552 Siquidem
676 475 710 536 in
735 491 773 536 eo
791 479 944 537 statutum
965 472 1035 549 init,
1108 498 1114 516 -
1198 513 1203 525 .

57 581 254 640 sacramenta
271 573 372 637 libere
395 573 646 634 administranda
668 590 747 649 esse,
769 573 877 636 fideles
901 591 976 636 vero
997 574 1036 634 ad

57 679 224 739 consuetas
248 672 426 735 oblationes
449 671 561 734 teneri.
587 672 666 733 tium
685 671 891 734 obventiones
906 672 1060 733 stolarea'

56 791 124 836 uon
136 775 250 836 dentur
263 760 418 850 tanquam
436 769 575 848 pretium
594 787 656 848 pro
678 769 844 834 iunctione
866 769 1033 848 spirituali,

55 873 188 935 omuino
205 870 293 932 licite
309 870 520 948 accipiuntur,
546 869 723 930 dummodo
742 868 825 928 absit
845 866 989 928 simoniae
1004 871 1036 927 et

57 967 197 1028 avaritiae
220 964 357 1043 species,
381 969 414 1026 et
437 963 616 1026 functiones
639 961 830 1042 pauperihus
850 957 914 1022 non
935 961 1033 1021 dene·

56 1069 178 1144 geutur.

277 1195 293 1258 s
315 1193 340 1245 2.
356 1219 386 1232 -
400 1191 553 1258 Disciplina
568 1191 601 1244 ue
616 1191 812 1274 siraconum.
891 1155 894 1160 ’

113 1341 136 1396 l.
163 1340 283 1411 Regulae
304 1340 501 1412 apresbpteris
523 1341 671 1396 servandae
684 1341 760 1397 circa
774 1341 929 1397 missarum
941 1339 1034 1396 hono·

56 1444 149 1569 mulas.
164 1515 215 1570 lus
226 1513 418 1585 parochorum
432 1513 526 1585 quoad
541 1513 713 1570 oblationes.

94 1603 148 1658 lll.
165 1603 325 1658 Auctoritas
342 1602 472 1674 Episcopi
484 1603 561 1658 circa
573 1601 741 1659 oblationes.

283 1776 304 1824 1.
317 1801 347 1813 -
357 1775 458 1838 Regula
471 1777 501 1826 ds
516 1775 655 1826 honorariis
668 1776 810 1825 missarum.

94 1921 120 1980 l.
138 1919 232 1998 Apud
247 1917 414 1995 theologos
428 1917 562 1996 plurima
580 1922 746 1980 coustant:

99 2019 128 2078 l.
159 2015 316 2094 Legitima
341 2021 414 2077 suut
439 2016 609 2077 honoraria
635 2017 814 2077 missarum.
832 2015 1034 2095 Stipendium

60 2114 148 2176 enim
156 2114 325 2174 nonciatur
336 2119 488 2192 tanquam
499 2113 638 2192 pretium
648 2113 765 2189 missae,
780 2114 835 2176 sed
845 2118 881 2175 ut
892 2113 1034 2175 medium

59 2214 98 2274 ad
112 2211 374 2273 sustentationem
388 2211 536 2273 ministri.

96 2309 128 2366 2.
148 2304 253 2366 Titulo
274 2305 418 2384 justitiae,
449 2305 571 2366 ratione
598 2308 793 2379 contractus,
819 2303 914 2366 missa
941 2305 1037 2367 dehet

58 2396 214 2477 applicari
237 2398 331 2478 Juxta*
349 2397 558 2461 intentionem
582 2398 666 2459 illius
691 2397 746 2476 qui
770 2396 963 2477 stipendium
979 2399 1037 2461 ob-

57 2495 144 2558 tulit.

98 2597 128 2656 3.
157 2595 228 2655 Non
249 2597 354 2672 potest
368 2595 515 2656 sacerdos
536 2613 595 2675 per
617 2593 744 2658 unicam
762 2597 893 2658 missam
916 2592 1035 2673 duplici

59 2688 221 2769 stipendio
236 2693 424 2755 satisfacere.

96 2792 128 2850 l.
152 2791 293 2853 Graviter
312 2796 424 2869 peccat
446 2793 596 2853 sacerdos
614 2791 680 2871 qui,
707 2795 841 2868 accepto
863 2785 1046 2867 stipendiop

59 2881 431 2950 missae'cel'ebrationem
446 2888 501 2951 diu
520 2891 637 2952 diiiert.
752 2957 754 2961 ,

98 2989 129 3048 5.
143 2987 345 3050 Atteude'nda
360 2992 407 3049 est
419 3005 509 3050 mens
522 2989 665 3050 fidelium
677 2987 764 3049 circa
776 2984 884 3047 locum
897 2981 1037 3044 celebra·

57 3084 156 3148 tionis
168 3085 348 3152 missarum.

95 3185 135 3245 ΙΙ.
146 3185 183 3246 ln
193 3183 358 3263 stipendiis
371 3183 527 3264 ejusmodi
540 3181 734 3262 accipiendis
745 3179 880 3242 sollicite
892 3179 1036 3244 evitanda

54 3283 142 3356 sunt,
160 3299 360 3361 quaecunque
380 3279 561 3354 simoniam,
573 3284 700 3358 turpem
712 3283 868 3358 quaestum
882 3283 936 3342 aut
947 3279 1038 3342 inho·

56 3383 182 3440 nestam
195 3378 444 3459 negotiationem
459 3378 585 3458 sapiunt
604 3377 659 3458 (l).
722 3445 725 3454 κ

89 3525 122 3587 (l)
133 3526 275 3576 Concilium
285 3527 466 3588 Tridentinum,
479 3540 539 3578 sess.
550 3525 629 3590 Xllll,
647 3525 779 3578 Decretum
795 3525 826 3575 do
839 3523 1000 3576 observandis
1013 3527 1039 3572 et

56 3605 183 3662 entandls
196 3607 224 3656 in
238 3607 403 3680 celebratione
417 3607 509 3658 llissae.
