2590 4262
469 287 553 336 ,Pons
574 282 739 330 SPECIALIS.
1042 285 1092 330 261

112 396 211 471 catis3
225 395 299 462 ideo
312 400 363 460 cui
377 403 563 465 conceditur
573 399 705 460 facultas
720 396 903 460 absolvendi
915 419 933 460 a
945 402 1097 479 peccatis,

112 492 307 556 conceditur
321 497 416 558 etiam
434 497 567 560 facultas
578 493 762 557 absolvendi
777 513 795 556 a
815 498 955 560 censuris
969 517 1035 562 non
1047 516 1100 561 re·

111 591 259 668 servatis,
275 589 377 670 qualis
392 598 439 655 est
453 591 743 656 excommunicatio
762 593 878 656 minor.

429 803 447 866 ,ς
459 803 483 853 2.
494 828 526 840 -·
537 801 574 854 De
587 801 783 867 suspensione.

153 957 279 1020 Qunsno
298 961 321 1013 l.
336 959 375 1014 lle
391 959 578 1031 suspensione
590 959 765 1028 generatim.

155 1045 277 1109 Qunsrso
295 1049 322 1102 t.
338 1047 377 1102 De
391 1049 580 1119 suspensione
594 1063 629 1103 cx
641 1049 789 1116 informata
803 1050 972 1104 conscientia.
1034 1121 1035 1124 Ἴ

309 1249 421 1306 ansrro
435 1256 466 1300 1⁸.
481 1276 511 1288 -
523 1252 560 1300 Du
571 1263 733 1300 susrnnsrouu
755 1261 907 1302 curtatum.

157 1403 184 1454 l.
203 1399 341 1469 Definitio
351 1405 379 1457 et
391 1403 491 1459 divisio
501 1404 705 1476 suspensionis.

151 1493 183 1544 2.
202 1489 282 1544 lilius
296 1496 396 1547 auctor
411 1495 442 1548 et
453 1493 629 1563 subjectum.

156 1581 184 1632 3.
203 1579 269 1647 Ejus
279 1595 364 1635 ceusu
376 1585 405 1636 et
419 1581 520 1637 formu.

155 1666 183 1720 l.
207 1665 328 1723 Effectus
341 1671 547 1740 suspensionis.

154 1757 182 1810 o.
202 1754 350 1836 Absolutio
365 1775 382 1813 u
396 1760 594 1830 suspensione.

362 1951 386 1996 l.
407 1948 523 1998 Definitio
538 1955 564 1999 ct
578 1948 666 1998 divisio
680 1946 858 2008 suspensionis.

160 2100 185 2160 l.
206 2099 359 2181 Definitio.
376 2136 417 2148 -
431 2101 601 2182 Suspensio
620 2107 668 2164 est
689 2119 810 2162 censura
833 2100 1022 2162 ecclesiastiea
1032 2102 1102 2182 pri-

121 2216 193 2257 ccns
212 2198 347 2260 clericum
361 2199 469 2262 directe
483 2220 536 2260 usu
548 2201 654 2282 officii,
672 2199 719 2261 uel
731 2197 870 2280 beneficii,
888 2198 935 2259 vel
948 2199 1102 2282 utriusque

121 2294 221 2355 sienni.

163 2391 274 2453 Differt
290 2393 326 2453 nb
341 2395 636 2458 excommunicatione
643 2413 657 2473 ,·
669 2395 744 2474 quia
756 2395 826 2456 haec
838 2394 939 2473 privat
953 2395 1101 2457 omnibus

122 2487 215 2551 bonis
232 2491 411 2552 christianae
427 2491 660 2554 communionis
673 2509 682 2568 ;
693 2494 793 2554 fertur
808 2493 840 2553 in
853 2494 986 2554 clericos
1001 2491 1102 2553 etlai·

122 2604 199 2662 cos;
221 2603 324 2666 neque
350 2606 408 2666 per
425 2607 458 2651 se
480 2589 583 2668 privat
607 2608 667 2651 usu
686 2590 848 2665 ordinum,
872 2591 927 2651 sed
947 2588 1103 2648 indirecte

123 2689 278 2763 quatenus
310 2685 446 2764 impedit
478 2693 750 2750 sacramentorum
767 2685 1102 2749 administrationem.

123 2783 296 2860 Suspensio
311 2801 384 2844 vero
398 2802 463 2845 non
478 2785 579 2862 privat
596 2785 745 2846 omnibus
761 2785 854 2846 bonis
875 2780 1103 2860 spiritualibus,

122 2879 261 2942 lecturio
274 2881 357 2941 solos
367 2881 511 2956 clericos,
525 2887 556 2942 et
568 2881 832 2959 directeimpedit
842 2894 933 2938 usum
944 2877 1104 2938 ordinum.

162 2977 274 3038 Differt
295 2977 392 3037 etiam
409 2975 445 3036 ab
462 2977 627 3052 interdicto,
647 2983 715 3038 tum
731 2976 806 3054 quia
828 2975 890 3036 hoc
911 2973 985 3034 ierri
1001 2979 1106 3053 potest

122 3073 156 3132 in
171 3074 282 3146 laicos·
296 3079 365 3134 tum
386 3074 460 3152 quia
480 3073 582 3151 privat
603 3063 787 3150 receptione
801 3071 980 3149 aliquorum
1002 3088 1107 3134 sacra-

123 3176 317 3246 mentorum,
336 3170 448 3231 divinis
461 3171 587 3245 officiis,
604 3175 636 3232 ct
646 3170 807 3248 sepultura
820 3169 1042 3232 ecclesiastica.

163 3268 203 3330 ll.
219 3267 335 3348 Species
347 3267 539 3347 suspensionis
551 3267 645 3328 variae
660 3270 743 3340 sunt,
759 3267 823 3328 sive
836 3266 958 3328 ratione
973 3267 1103 3346 objecti,

125 3363 189 3426 sive
203 3365 327 3426 ratione
340 3364 428 3424 m‘odi
443 3382 506 3442 quo
524 3364 678 3444 infligitur
695 3363 745 3444 (l).

158 3533 192 3592 (ll
204 3531 314 3594 ueremi,
330 3531 519 3583 Commentario
533 3533 559 3584 in
568 3533 616 3598 jus
626 3533 829 3598 ecclesiasticum,
841 3539 861 3584 t.
876 3533 1101 3597 1v‚pan.11,dis-

128 3617 190 3661 sert.
202 3613 247 3662 llI.

939 3711 984 3757 ts.
