2594 4286
232 335 246 383 4
387 327 544 387 llxrosln'lo
564 339 741 386 unruoomn
761 331 844 388 JURIS
865 335 1021 389 GANONICI.

583 563 803 622 lautumiis
822 567 852 622 11

486 731 556 772 altus
567 731 600 772 lta·
618 733 701 774 unum
714 733 781 774 VIM
796 733 950 774 ultumos&

450 905 465 968 ἓ
489 903 518 956 1.
541 933 572 943 -
591 905 667 960 Finis
686 907 924 975 status]rsliqiosi
941 908 987 972 (l).
1062 915 1064 922 '

273 1060 358 1124 Finis
372 1060 518 1143 proprius
535 1070 633 1127 status
648 1063 799 1143 regularis
812 1071 860 1128 est
874 1062 1027 1146 perfectio
1041 1063 1209 1144 acquiren-

235 1159 287 1223 da.
310 1160 415 1246 Status
428 1158 500 1224 vitae
524 1162 703 1226 christianae
719 1169 765 1226 est
787 1162 980 1243 multiplex:
1005 1161 1155 1226 dividitur
1176 1162 1209 1224 in

236 1263 352 1321 statum
366 1257 437 1321 vitae
453 1258 630 1321 eommunis
646 1259 699 1340 qui
714 1279 779 1322 non
801 1257 963 1322 ordinatur
984 1261 1022 1322 ad
1041 1262 1211 1340 perlectio-
1248 1329 1255 1346 ,

236 1372 320 1432 nem,
338 1362 368 1419 et
391 1355 422 1417 in
445 1362 560 1421 statum
583 1357 795 1438 perfectionis.
816 1391 856 1405 -
879 1361 985 1421 Status
1005 1356 1211 1438 perfeetionis

237 1451 387 1517 dividitur
407 1453 440 1516 in
460 1460 577 1518 statum
598 1455 800 1536 perfeetionis
818 1457 1002 1519 exercendae
1025 1455 1212 1538 (Episcopa-

236 1553 328 1633 tum),
342 1560 373 1615 et
387 1551 420 1615 in
434 1561 550 1618 statum
558 1553 762 1634 perfeetionis
771 1554 981 1636 acquirendae¹
994 1555 1125 1636 (statum
1137 1553 1213 1618 reli-

239 1646 383 1731 giosum).
398 1651 646 1716 controvertitur
659 1655 697 1714 de
707 1654 803 1716 modo
814 1671 877 1734 quo
890 1659 988 1716 status
998 1652 1153 1718 clericalis
1164 1674 1213 1718 or·

239 1749 365 1813 dinetur
376 1750 416 1812 ad
431 1750 672 1831 perlectionem.

278 1850 383 1912 Status
409 1848 614 1929 perfeetionis
640 1849 843 1930 acquirendo
866 1868 931 1913 non
954 1849 1092 1914 excludit
1115 1871 1214 1932 opera

239 1945 467 2010 misericordiae
481 1967 555 2029 erga
568 1949 766 2029 proximum3
781 1948 899 2012 etenim
912 1946 970 2010 ista
986 1967 1084 2029 opera
1094 1958 1215 2031 augent

240 2043 414 2123 caritatem,
430 2049 506 2109 dum
519 2047 653 2128 gloriam
665 2047 731 2124 Dei,
747 2049 881 2110 salutem
894 2046 1072 2111 animarum
1085 2054 1116 2111 et
1131 2050 1215 2110 leva-

242 2163 311 2210 men
326 2144 515 2208 afflictorum
530 2152 733 2226 promovent.
752 2145 834 2210 Hine
850 2145 978 2228 quidam
999 2148 1127 2210 ordines
1149 2167 1216 2210 ser·

240 2250 313 2307 rant
327 2243 458 2308 consilia
474 2243 710 2308 misericordia.
725 2279 764 2292 -
775 2244 874 2324 Igitur
885 2244 941 2307 lini
960 2243 1091 2326 proprio
1105 2265 1215 2325 super-

241 2341 316 2404 addi
330 2350 460 2422 possunt
479 2342 531 2406 alii
546 2345 623 2405 fines
638 2342 850 2406 accidentales
865 2341 999 2422 quinon
1013 2341 1218 2406 inveniuntur

242 2440 274 2503 in
284 2440 413 2522 singulis
423 2440 649 2524 Religionibus,
660 2440 797 2522 ideoque
809 2446 883 2504 sunt
893 2439 974 2504 ratio
986 2439 1145 2505 varietatis
1158 2443 1218 2502 Or·
1234 2509 1240 2522 ⁰

243 2538 364 2604 dinum.
1287 2569 1288 2609 l

480 2673 496 2740 ξ
511 2671 537 2727 1.
554 2701 581 2712 -
597 2671 765 2728 llediavita
780 2670 921 2739 reumate
932 2674 978 2738 (2).

282 2833 306 2898 Ι.
325 2833 370 2898 De
386 2835 533 2918 requisitis
549 2836 579 2897 in
593 2843 674 2898 statu
692 2834 892 2918 perfeetionis.

284 2939 314 2997 l.
331 2917 445 3014 Aliqua
458 2932 589 2997 consilia
602 2940 676 2996 sunt
686 2936 726 2996 de
742 2931 876 2995 essentia
891 2935 990 2994 status
1007 2925 1217 3007 perfectionis.
1286 2967 1287 3010 q

244 3031 369 3096 Etenim
391 3035 430 3094 ad
444 3031 621 3114 quemlibet
634 3038 751 3094 statum
770 3028 975 3111 perfeetionis
997 3027 1169 3108 requiritur
1187 3034 1221 3091 nt

245 3130 347 3193 fidelis
366 3130 484 3212 aliquid
509 3131 585 3195 boni
609 3131 824 3210 peragendum
839 3127 984 3190 intendat
1005 3134 1122 3207 praeter
1140 3146 1221 3206 prae·

245 3235 347 3309 oepta.
370 3230 426 3291 llle
448 3248 522 3293 vero
544 3228 599 3310 qui
619 3229 705 3292 nulla
726 3225 857 3291 consilia
872 3232 1018 3302 servaret,
1040 3225 1120 3288 nihil
1135 3224 1219 3286 aliud

246 3326 367 3392 bonum
389 3337 552 3410 perageret
573 3336 690 3410 praeter
714 3321 946 3390 observantiam
972 3331 1218 3406 praeoeptorum.

247 3428 330 3508 Ergo
344 3425 516 3509 requiritur
529 3425 657 3508 aliquod
672 3424 850 3490 consilium.

279 3623 310 3684 (1)
328 3620 429 3682 Sumen,
446 3621 476 3670 de
487 3621 623 3686 Religione.

249 3741 254 3755 .
279 3702 315 3766 (2)
326 3701 552 3764 Sclilnolzgruaber²
561 3699 605 3750 lib.
618 3701 663 3762 lll,
676 3699 719 3753 tit.
737 3703 778 3752 al.
