2594 4286
223 324 258 376 26
279 369 282 377 .
394 329 549 376 uxecsmo
571 327 746 376 struamus
767 325 849 374 JlillIS
871 324 1028 376 stromat.

223 447 401 510 tectiorem.
417 451 493 510 llaec
515 448 647 510 facultas
658 464 723 508 non
745 445 897 509 adimitur
911 446 1104 524 ohedientia,
1127 459 1201 528 quae

222 545 420 623 promittitur
428 547 518 625 juxta
532 546 617 623 leges
632 544 794 606 Ecclesiae.
807 600 811 614 ,

262 645 293 703 3ο
312 645 380 704 Duo
403 660 494 704 casus
509 641 721 721 excipiuntur.
740 643 771 703 l⁰
790 642 823 705 Si
838 642 980 706 Ecclesia
993 659 1085 720 grave
1108 643 1201 702 dam·

221 757 298 800 uum
313 746 475 819 pateretur
485 758 522 801 ex
532 741 671 800 discessu
694 739 881 819 presbyteri,
894 746 1002 820 posset
1023 741 1200 820 Episcopus

222 856 295 900 eum
317 839 455 901 retinere
470 845 524 901 aut
538 843 692 918 repetere.
709 871 749 884 -
761 842 793 899 2⁰
812 837 845 900 Si
866 839 1002 900 clericus
1015 839 1113 901 tuerit
1130 857 1201 920 gra·

222 937 303 998 tuito
313 938 464 999 educatus
477 936 535 997 sub
552 935 748 1011 conditione,
761 936 847 1014 quod
864 935 897 996 in
912 925 1042 999 dioeoesi
1058 936 1201 998 ministe-

220 1035 304 1096 rium
316 1041 460 1096 exerceat
477 1052 534 1113 per
556 1039 684 1111 tempus
703 1033 961 1112 determinatum,
978 1035 1089 1114 nequit
1104 1037 1199 1096 antea

221 1133 407 1212 religionem
421 1132 556 1210 ingredi.

259 1234 292 1291 4⁰
317 1232 363 1291 Ex
383 1231 572 1294 auctoritate
596 1228 643 1289 Pii
664 1230 706 1290 lX
726 1228 868 1309 (decreto
886 1233 923 1292 25
946 1228 1087 1292 ianuarii
1110 1225 1201 1310 1848)

220 1333 372 1390 statutum
388 1333 456 1389 est:
473 1327 511 1388 Ire
523 1345 702 1408 quocumque
719 1326 830 1402 ordine,
846 1327 1075 1408 conprepaticae,
1097 1326 1200 1388 sivein

180 1416 183 1421 ¹
220 1427 256 1486 iis
280 1426 453 1487 eraittaatar
468 1434 533 1486 cota
548 1425 696 1498 solemnia,
712 1425 770 1485 sive
790 1425 941 1506 simplicia,
956 1445 1037 1486 aerno
1059 1423 1099 1484 ad
1113 1423 1198 1484 tatt-

220 1528 282 1582 tara
292 1523 467 1584 admittatur
478 1522 584 1602 absque
603 1521 839 1583 testimonialibus
850 1523 965 1599 litteris,
982 1531 1044 1584 tam
1072 1521 1198 1584 Ordina-

219 1619 262 1680 rii
274 1621 407 1700 oripiais,
424 1628 485 1680 tara
494 1620 579 1680 etiarn
603 1620 760 1681 Ordiaarii
768 1620 824 1680 laei
839 1620 869 1681 ia
883 1639 940 1700 qao
951 1621 1103 1702 postularas
1116 1619 1200 1680 altra

218 1737 328 1776 aarum
347 1725 479 1777 moratas
493 1715 596 1796 faerit.
615 1716 778 1792 Ordiaarir',
791 1729 950 1800 postquam
972 1718 1127 1800 diliqeater
1143 1737 1198 1779 ea-

219 1815 393 1894 qaisr'aeriat
414 1814 449 1876 de
463 1815 641 1896 postulantis
663 1815 865 1896 qualitatibus,
887 1816 1000 1896 referre
1023 1815 1145 1877 debeant
1164 1815 1200 1876 de

218 1912 280 1994 ejus
312 1913 470 1988 aetatibus,
495 1920 591 1988 aetate,
621 1913 760 1987 moribus,
786 1913 863 1990 rita,
897 1914 989 1994 farrea,
1022 1913 1196 1990 conditione,

218 2009 393 2085 educatione,
413 2009 544 2073 seientia.
565 2009 669 2070 Sciant
693 2009 852 2087 Ordiaarii‚
876 2031 975 2074 earam
996 2013 1200 2073 coasaerrtiara

217 2109 436 2188 superseritate
449 2108 648 2188 expositorum
664 2117 814 2169 oneratam
836 2129 995 2187 remanere,
1006 2130 1057 2171 aee
1068 2110 1138 2191 ipsis
1159 2110 1199 2170 a·-

220 2204 319 2266 beram
332 2225 389 2268 esse
400 2204 569 2287 hujusmodi
580 2205 690 2267 litteras
699 2207 849 2288 derepere.
864 2243 903 2254 -
915 2210 1036 2272 Eodem
1052 2210 1197 2284 decret05

218 2312 329 2367 contra
340 2307 499 2385 regulares
513 2304 567 2384 qui
584 2305 664 2366 illud
679 2323 744 2366 non
758 2312 927 2382 servarent,
944 2307 1090 2369 statuitur
1102 2325 1200 2387 poena

220 2401 405 2481 privationis
417 2403 607 2467 officiorum.

521 2617 537 2682 ἓ
551 2617 576 2670 2.
586 2645 617 2658 -
632 2617 670 2672 lie
682 2619 820 2673 novitiatu
834 2617 845 2683 (
860 2622 879 2684 i.

258 2807 283 2870 1.
296 2803 466 2870 Necessitas.
481 2837 521 2852 -·
535 2805 708 2870 Novitiatus
723 2813 770 2871 est
784 2804 929 2888 probatio
941 2802 1013 2868 vitae
1025 2804 1195 2886 religiosae,

219 2911 366 2968 mutuum
378 2903 631 2985 experimentum
645 2925 708 2984 quo
723 2905 835 2986 religio
850 2903 1014 2984 qualitates
1025 2902 1148 2978 novitii,
1164 2909 1199 2968 et

217 3002 353 3066 novitius
364 3002 582 3066 austeritatem
592 3003 712 3067 ordinis
724 3002 892 3084 experitur.
908 3006 986 3066 Cum
997 3001 1144 3083 probatio
1153 3004 1196 3064 ad

217 3117 328 3162 omnes
341 3106 439 3163 status
455 3101 678 3181 praemittatur,
693 3108 724 3164 et
733 3099 886 3181 perfectio
902 3099 940 3164 sit
950 3101 1057 3175 ardua,
1070 3099 1197 3180 legibus

217 3195 370 3259 Ecclesiae
385 3197 543 3276 sapienter
561 3197 733 3278 requiritur
752 3196 923 3260 novitiatus
939 3199 978 3258 ad
1002 3199 1199 3261 confirman-

217 3293 291 3354 dam
314 3292 538 3373 aptitudinem,
562 3297 757 3358 voluntatem
776 3303 806 3359 et
824 3313 913 3376 spem
932 3294 1132 3374 postulantis,
1156 3313 1198 3357 ne

217 3407 255 3451 cx
276 3389 472 3469 professione
495 3398 616 3455 temere
641 3395 722 3458 lacta
746 3402 916 3473 sequantur
943 3392 1046 3474 gravia
1065 3395 1196 3454 damna.

254 3489 292 3550 ll.
310 3487 360 3548 Ad
374 3477 459 3568 quem
477 3490 605 3570 pertinet
620 3491 742 3552 novitios
756 3490 930 3552 admittere?
944 3523 982 3540 ···
996 3489 1197 3570 Approbatic

249 3674 284 3735 (1)
297 3672 433 3735 Zallinger,
445 3669 490 3723 tas
506 3672 708 3736 eeclesiasticam,
718 3676 760 3726 lib.
776 3676 821 3726 lll.
