2604 4264
457 301 540 346 «rans
561 301 727 346 sonemus·
1031 299 1084 348 ll!

100 369 212 484 stituit
229 437 237 479 :
255 442 271 475 α
283 420 328 478 Ne
345 415 504 496 patiantur
527 415 700 496 (Episcopi)
725 416 853 495 privatis
872 417 904 480 in
925 415 1085 494 domibus,

102 524 200 598 atque
226 515 358 580 omnino
380 521 468 576 extra
487 512 664 576 Ecclesiam
690 520 722 576 et
742 517 781 576 ad
798 515 940 578 divinum
966 522 1089 577 lantum

102 610 1089 692 cultnmdedicataoratoria,'abeisdemOrdinariisdesignanda

104 713 317 786 musitando,
339 717 485 772 sanctum
509 709 700 773 sacrificium
724 711 960 774 asaecularibus
974 715 1029 771 aut
1041 726 1088 770 re·

103 810 267 892 gularibns
283 808 536 888 quibuscumque
549 808 657 889 peragi
673 808 729 890 (l).
743 833 757 868 o

147 910 227 971 'lum
245 925 283 969 ex
299 905 512 970 decisionibus
525 904 783 987 congregationis
798 904 948 982 Concilii‚
965 911 1034 968 tum
1052 922 1089 967 ex

103 1007 251 1088 pluribus
274 1003 578 1081 Constitutionibus,
602 1010 727 1066 constat
755 1010 947 1083 potestatem
973 1021 1089 1066 conce·

106 1104 205 1169 dendi
218 1103 328 1166 missas
340 1102 374 1162 in
398 1101 544 1164 oratoriis
558 1101 697 1182 priyatiS,
717 1102 747 1163 vi
768 1103 863 1182 hujus
886 1102 1007 1166 decreti
1019 1101 1089 1164 'iri-

106 1203 242 1277 demini,
259 1205 296 1264 R.
314 1200 525 1263 Pontificibus
539 1206 728 1262 reservatam
744 1219 812 1262 csse
825 1201 878 1281 (2).

147 1303 186 1365 11.
213 1300 399 1364 conditiones
412 1298 562 1379 requisitae
575 1297 613 1358 ob
624 1297 747 1358 Indulto
761 1299 936 1380 apostolico.

148 1402 176 1460 l.
196 1395 376 1460 Oratorium
394 1397 546 1458 decenter
558 1395 714 1458 extruitur
732 1395 917 1476 parictibus,
933 1414 990 1475 per
1012 1413 1089 1475 quos
1181 1397 1184 1402 '

105 1497 149 1558 ab
174 1493 325 1558 abusibus
358 1492 542 1555 domesticis
569 1498 768 1573 segregatum
795 1493 1017 1556 instruendum
1044 1499 1091 1556 est

104 1591 260 1657 omnibus
271 1590 455 1653 necessariis
470 1593 510 1652 ad
525 1589 655 1652 missam
668 1591 905 1653 celebrandam.

148 1695 182 1750 2.
195 1687 284 1750 Prius
298 1689 336 1750 ab
351 1687 511 1767 Episcopo
521 1687 714 1750 visitandum
729 1697 821 1752 estet
835 1692 1088 1770 approbandum.

148 1790 178 1849 3.
201 1787 301 1850 Unica
316 1786 411 1847 missa
430 1793 489 1865 pro
506 1784 651 1866 quolibet
673 1784 724 1847 die
746 1786 935 1850 celebretur.
951 1789 1019 1849 lmo
1043 1803 1091 1848 so-

106 1882 319 1946 lemnioribus
333 1881 420 1946 sestis
434 1881 588 1945 nonlicet
608 1880 737 1944 missam
752 1881 785 1943 in
806 1883 948 1945 oratoriis
963 1880 1091 1962 privatis

104 1982 281 2045 celebrare

146 2084 181 2143 l.
199 2077 411 2160 Designantur
428 2093 574 2157 personae
589 2095 661 2156 quae
675 2077 799 2139 indulto
814 2079 1091 2157 comprehendun-

105 2184 182 2337 tub⁰
195 2273 388 2337 Prohibetur
406 2291 446 2335 ne
457 2272 582 2353 juribus
608 2271 844 2352 parochialibus
868 2272 1089 2353 prejudicium

105 2373 271 2436 inferatur.

429 2543 445 2606 ἓ
460 2543 486 2594 2.
502 2569 529 2580 -
548 2542 585 2594 llo
603 2542 780 2595 coemeteriis.

140 2714 164 2773 l.
178 2711 297 2773 Eorum
304 2711 712 2792 antiquitas-Cremeteria
721 2709 931 2792 (dormitoria)
942 2707 1092 2786 suntiloca

109 2809 282 2889 sepulturis
297 2810 462 2873 destinata.
479 2813 572 2892 Apud
596 2809 771 2873 Ecclesiam
784 2811 853 2872 haec
867 2811 938 2870 loca
950 2812 1022 2868 sunt
1033 2805 1091 2868 be·

108 2906 249 2982 nedicta‚
267 2907 425 2987 inquibus
440 2911 592 2972 cadavera
606 2907 750 2970 fidelium
763 2905 970 2986 sepeliuntur.

149 3005 228 3068 Cum
239 2996 389 3068 Romanae
401 3009 486 3085 leges
495 3006 659 3068 neminem
672 3005 754 3067 intra
763 3004 877 3066 urbem
885 2998 1013 3080 sepeliri
1022 3017 1091 3078 per·

108 3099 289 3178 mitterent,
306 3104 375 3166 haec
388 3106 459 3166 loca
471 3102 561 3166 initio
572 3108 662 3164 erant
676 3106 762 3164 extra
775 3098 945 3160 civitatem.
957 3099 1088 3172 Verum,

108 3199 199 3279 lapsu
223 3201 388 3279 temporis,
412 3201 553 3280 primum
568 3197 777 3280 principibus
794 3193 960 3274 Episcopis
976 3199 1007 3257 et
1020 3192 1089 3256 aliis

108 3291 1091 3378 virispraestantibus‚dcindepopulouniverso,nontantumin
1185 3381 1189 3390 .

141 3496 175 3559 (ι)
193 3497 258 3548 sess.
269 3497 351 3558 xxii,
363 3499 498 3548 narratum
515 3497 546 3548 re
554 3494 715 3548 observandis
727 3492 752 3542 in
763 3471 926 3544 celebratione
936 3491 1031 3542 uina.

141 3577 331 3640 (moloniensis
350 3580 385 3627 lll
401 3586 482 3630 const.
498 3579 619 3640 Quoniam
638 3578 726 3625 sancta
743 3576 831 3637 (1703).
846 3599 875 3609 -
895 3571 1022 3623 Benedicti
1036 3569 1091 3620 xlv

109 3661 189 3705 const.
199 3657 301 3720 illaque.
