2618 4252
215 297 266 347 m
383 296 541 345 exeoslrto
563 295 741 342 urseolus
760 299 844 344 touls
866 297 1021 348 canonici.

213 417 306 494 blica,
327 432 476 480 revocare
500 417 606 494 potest
625 414 789 495 privilegia
809 415 954 480 societati
973 419 1027 476 aut
1045 431 1192 494 personas

214 514 274 578 sibi
287 514 425 578 subditae
440 531 458 575 a
472 530 506 575 se
514 529 678 588 concessa,
694 513 871 592 presertim
886 512 912 574 si
927 511 1060 592 gratuita
1071 515 1186 574 essent.

304 727 329 779 2.
345 723 518 790 interpretatio
531 723 680 778 etresdssio
693 713 898 778 concertatorum
912 725 938 775 in
952 722 1057 788 speeie(
1073 723 1097 789 ).

252 897 281 959 l.
307 893 447 958 Societas
470 894 582 972 civilis,
606 895 632 957 si
655 894 731 975 quid
754 892 907 956 Ecclesia
928 891 1133 966 concesserit,
1158 891 1192 952 id

212 1010 279 1056 non
295 997 401 1072 potest
415 991 548 1056 arbitrio
561 1010 620 1059 suo
635 993 684 1055 rel
700 991 939 1070 interpretando
953 987 1125 1065 moderari,
1144 987 1193 1049 vel

213 1107 373 1154 revocare.

252 1187 348 1252 Proh.
365 1191 392 1252 l.
414 1187 583 1253 Concessio
594 1189 678 1250 tacta
688 1186 840 1250 Ecclesiae
854 1203 872 1246 a
885 1185 1033 1249 societate
1047 1184 1135 1248 civili
1146 1187 1195 1246 est

212 1286 379 1350 concessio
392 1289 476 1350 tacta
489 1305 553 1349 non
567 1285 706 1347 subdito.
723 1285 820 1364 Atqui
833 1301 929 1346 nemo
941 1287 1046 1363 potest
1059 1299 1194 1344 conces-

212 1385 336 1447 sionem
355 1402 422 1445 non
442 1382 571 1446 subdito
588 1384 705 1446 factam
728 1382 860 1445 arbitrio
882 1399 939 1444 suo
959 1398 1117 1455 revocare,
1143 1381 1192 1442 vel

210 1483 452 1562 interpretando
464 1482 636 1544 moderari.
884 1543 888 1550 ,

251 1577 344 1642 Proh.
357 1582 388 1640 2.
405 1577 565 1658 Quidquid
580 1579 732 1641 Ecclesiae
745 1595 932 1641 concessum
945 1580 1001 1651 est,
1018 1576 1051 1636 id
1065 1575 1121 1636 lini
1134 1577 1194 1637 Ec·

211 1677 318 1738 clesiae
332 1677 463 1755 proprio
478 1693 534 1736 seu
549 1677 605 1737 fini
619 1676 775 1755 spirituali
789 1676 961 1737 addicitur.
976 1671 1073 1752 Atqui
1089 1673 1123 1732 in
1138 1672 1190 1748 iis,

213 1791 285 1854 quaa
302 1773 358 1833 tini
373 1771 529 1851 spirituali
546 1778 619 1834 suut
636 1773 773 1849 addicta,
798 1773 933 1835 societas
954 1772 1055 1833 civilis
1069 1771 1192 1832 nullam

212 1869 310 1932 hahet
333 1874 536 1949 potestatem.
559 1870 643 1949 Ergo
660 1869 693 1930 in
712 1869 761 1946 iis,
786 1887 856 1947 quae
872 1869 1021 1931 Ecclesiae
1040 1885 1193 1931 concessa

210 1972 296 2044 sunt,
313 1966 448 2029 societas
462 1966 563 2029 civilis
577 1968 699 2028 nullam
713 1971 906 2046 potestatem
921 1965 1027 2027 hahet.

252 2066 289 2126 11.
316 2064 458 2126 Ecclesia
482 2065 522 2125 de
545 2082 618 2126 vera
641 2065 908 2126 concordatorum
929 2060 1192 2140 interpretatione

209 2159 343 2240 judicat,
371 2162 655 2241 concessionesque
681 2178 699 2220 a
722 2179 755 2222 se
780 2163 888 2234 lactas,
920 2161 946 2221 si
973 2160 1053 2224 ratio
1080 2160 1192 2222 salutis

213 2264 340 2320 aetemae
360 2258 393 2320 id
409 2258 523 2338 exigat,
539 2276 687 2320 revocare
706 2264 826 2338 potest;
845 2258 908 2319 nisi
928 2259 1010 2319 forte
1023 2263 1136 2338 agatur
1151 2258 1191 2322 tle

213 2355 307 2417 rebus
330 2355 595 2435 temporalibusa
617 2355 731 2436 quihus
753 2357 833 2420 ratio
854 2355 1025 2442 spiritualis
1042 2361 1192 2439 separata

211 2453 318 2515 fuerit.

251 2550 379 2612 Etenim
395 2551 549 2629 principis
567 2555 614 2612 est
628 2551 841 2630 interpretari,
859 2552 930 2613 etsi
947 2552 1031 2632 justa
1045 2569 1141 2613 causa
1156 2552 1192 2614 id

211 2647 326 2728 exigat,
340 2662 486 2710 revocare
496 2646 660 2725 privilegia
673 2664 819 2726 personae
833 2647 968 2710 subdita
981 2667 1001 2710 a
1015 2665 1047 2710 se
1058 2664 1196 2710 conces-

211 2761 256 2805 sa.
270 2744 367 2821 Atqui
382 2743 575 2806 concordata
586 2745 669 2805 inter
682 2745 860 2806 Ecclesiam
874 2752 905 2807 et
919 2745 1102 2808 societatem
1113 2743 1195 2807 civi-

211 2842 275 2902 lem
297 2839 486 2902 catholicam
503 2858 569 2920 prae
591 2859 624 2902 se
645 2841 753 2902 lerunt
769 2842 910 2904 indolem
931 2842 1190 2922 privilegiorum.

211 2938 353 3001 Ecclesia
364 2939 397 2999 in
414 2938 453 2998 iis
470 2937 566 3000 habet
580 2940 737 3002 rationem
758 2939 928 3019 principis;
958 2941 1091 3003 societas
1113 2957 1195 3006 vero

211 3035 312 3099 civilis
327 3035 423 3098 habet
437 3036 595 3098 rationem
608 3053 753 3116 personae
766 3037 908 3116 privatae.
925 3041 1008 3119 Ergo
1022 3040 1063 3100 ad
1078 3037 1197 3101 Eccle-

212 3134 292 3195 siam
311 3138 433 3214 speetat
448 3134 670 3213 interpretatio
690 3139 719 3196 et
740 3135 887 3197 rescissio
905 3137 1193 3200 concordatorum.

244 3313 276 3378 (1)
287 3309 417 3373 Tarquini,
429 3308 599 3360 institutiones
605 3309 677 3376 juris
689 3309 854 3362 ecclesiastici
864 3310 969 3378 publici,
980 3311 1024 3362 lib.
1037 3313 1061 3376 1,
1071 3325 1132 3375 cap.
1147 3325 1178 3364 ir.
