2594 4286
211 323 246 374 Ν
382 314 539 366 strosmo
560 313 735 360 unruoolca
755 313 838 359 touls
860 312 1016 359 canonici.

211 441 327 524 logium
341 435 476 518 propriis
486 432 611 514 juribus
620 430 821 508 instructum,
831 447 887 494 seu
896 430 1138 494 universitatem
1149 429 1184 490 in

211 557 301 605 sensu
311 535 390 618 juris
403 530 588 596 efformavit.

249 639 365 702 Verum
382 630 509 704 accidit,
525 635 561 690 ut
581 630 730 690 doctores
744 645 809 691 non
823 628 959 708 amplius
971 629 1059 708 juxta
1076 625 1186 690 natio-

210 755 277 812 nes,
293 734 346 796 sed
358 732 447 811 juxta
460 725 643 806 disciplinas
666 724 698 786 in
713 731 856 804 separata
870 725 1003 806 collegia
1015 726 1184 789 distrihue·

211 839 328 899 rentur.
349 826 467 892 Exinde
483 823 515 885 in
531 821 786 885 universitatibus
800 823 906 903 vigent
919 829 1054 904 quatuor
1064 824 1183 885 Facul-

210 941 299 1006 tates,
325 940 436 1005 nempe
458 923 602 984 Facultas
621 920 812 1001 Theologiae‚
837 921 921 984 Juris
940 926 1008 983 tum
1033 919 1182 983 canonici

210 1041 278 1096 tum
291 1023 400 1099 civilis,
420 1019 597 1096 Medicinae,
616 1025 649 1082 et
663 1017 875 1098 Philosophiae
888 1037 942 1082 seu
955 1019 1095 1082 Artium.

249 1125 422 1192 Facultates
442 1115 623 1197 'fheologiae
647 1122 680 1178 et
699 1117 784 1180 luris
802 1115 948 1179 canonici
976 1117 1016 1179 ab
1037 1116 1182 1180 Ecclesia

211 1227 358 1310 pendent.
370 1217 419 1280 Ab
437 1216 620 1296 Apostolioa
638 1216 719 1277 Sede
734 1233 885 1278 concessa
899 1221 972 1278 sunt
987 1232 1095 1278 earum
1116 1213 1184 1296 pri·

210 1322 320 1404 vilegia
330 1335 400 1397 quae
414 1316 453 1375 ad
468 1311 644 1374 universam
657 1313 831 1375 Ecclesiam
845 1314 1035 1375 referuntur.
1051 1314 1182 1374 lllarum

212 1423 402 1507 professores
416 1428 481 1472 non
498 1415 704 1471 assumuntur
720 1408 788 1472 sine
809 1410 989 1472 interventu
1015 1411 1182 1489 potestatis

212 1512 440 1586 ecclesiastice,
454 1527 472 1569 a
487 1524 548 1588 qua
560 1508 628 1568 sola
637 1506 775 1568 conferri
790 1514 895 1587 potest
906 1507 1013 1570 missio
1028 1509 1180 1572 docendi.
1284 1536 1285 1574 l

250 1617 277 1680 9.
295 1616 369 1675 'fres
386 1610 460 1669 siunt
472 1603 684 1685 productorum
698 1603 837 1681 ordines
857 1622 973 1686 nempe
989 1605 1182 1682 baccalaurei,
1286 1627 1288 1691 χ

189 1729 195 1736 “
212 1708 358 1782 licentiati,
374 1703 605 1768 etdoctoresseu
617 1701 770 1782 magistri.
784 1703 980 1764 Boccolcorei
986 1705 1125 1784 primum
1133 1704 1184 1766 sui
1288 1722 1290 1779 ζ

213 1813 369 1898 profectus
383 1803 416 1863 in
430 1799 562 1862 scientia
574 1801 792 1862 testimonium
803 1803 967 1864 consecuti
982 1808 1066 1865 sunt.
1080 1801 1186 1863 Licen-

214 1911 300 1983 nato,
317 1909 389 1986 post
409 1905 538 1980 peracta
561 1896 716 1971 examina,
733 1899 921 1961 conceditur
938 1899 1066 1962 licentia
1087 1899 1186 1962 susci-

214 2005 505 2095 piendisupremum
514 1997 658 2075 gradum,
669 1997 797 2074 quando
807 1997 1120 2065 voluerintDoctores
1128 2015 1186 2060 seu

216 2099 350 2187 magistri
363 2098 402 2159 ad
413 2112 576 2157 summum
591 2096 724 2175 gradum
736 2102 975 2173 promoventur.
1212 2167 1215 2171 λ

254 2204 391 2268 Potestas
405 2189 589 2257 conferendi
599 2194 714 2271 gradus
725 2193 905 2273 Theolcgiae
916 2200 948 2255 et
958 2193 1043 2256 luris
1055 2192 1189 2256 canoni·

217 2305 246 2368 ci
258 2295 391 2382 pertinet
408 2291 448 2352 ad
468 2291 647 2351 Romanum
661 2287 860 2363 Pontificem,
889 2289 943 2370 qui
965 2308 1035 2352 eam
1053 2290 1188 2354 Univer-

218 2395 356 2464 sitntibus
369 2390 418 2451 vel
433 2387 531 2448 etiam
545 2386 736 2466 quibusdam
749 2387 888 2466 praelatis
905 2388 1038 2468 delegat.
1053 2389 1190 2449 Promo-

220 2493 293 2566 fioni
315 2483 500 2568 regulariter
519 2482 726 2562 premittitur
750 2483 928 2564 rigorosum
950 2503 1094 2560 examen,
1120 2505 1188 2565 quo

222 2593 394 2677 exploretur
403 2579 564 2646 candidati
575 2581 717 2644 scientia.
734 2580 937 2658 Doctoribus,
949 2590 1022 2665 post
1035 2583 1188 2646 emissam

223 2694 291 2764 filei
303 2683 540 2771 professionem,
552 2678 687 2760 insignia
699 2682 868 2744 traduntur
880 2681 934 2764 (l).

567 2907 787 2965 numeneus
803 2909 833 2964 11

522 3074 556 3114 DE
577 3072 881 3114 mummuummm.

265 3236 420 3314 [Suum
441 3225 560 3290 ὑιᾱοὶεε.
584 3261 626 3274 -
650 3227 929 3291 confraternitates
952 3233 1029 3289 suut
1044 3228 1194 3291 fidelium

242 3325 534 3424 motionesnu
543 3343 641 3404 opera
649 3325 777 3404 pictatis
794 3324 996 3388 etcharitatis
1008 3325 1068 3388 suh
1082 3332 1196 3389 aucto·

278 3527 301 3574 '.‘
313 3497 470 3564 mulium
479 3496 527 3546 uu.
541 3493 572 3558 V,
583 3495 623 3545 tit.
634 3509 658 3545 u.
672 3496 803 3556 -fecnis
815 3495 863 3547 xrl
878 3503 961 3548 const.
974 3496 1048 3558 Quod
1057 3496 1145 3545 mana
1155 3511 1197 3546 sc-

256 3605 335 3654 d&
351 3611 377 3626 -
387 3574 491 3634 Glraldi,
503 3574 634 3641 Expositic
643 3575 716 3640 juris
726 3575 861 3643 pontificii,
869 3575 955 3640 parsi.
964 3601 995 3614 -
1005 3576 1196 3640 &unumne

260 3701 293 3740 *aa
303 3680 336 3729 fill
346 3665 364 3716 Y
389 3667 392 3669 “

849 4196 864 4217 ,
944 4060 1180 4200 ‘L
