2604 4264
477 259 551 306 edus
572 260 737 310 senciens.
1047 261 1096 308 lle

96 377 243 452 modos
253 375 370 456 quibus
378 375 713 454 fundatorsumptibus
725 376 919 439 fundationis
931 378 1099 456 providere

98 479 244 552 potest:
262 475 310 536 vel
331 473 417 535 enlm
440 473 621 552 pecuniam,
642 476 691 537 vel
706 474 872 553 publicam
885 476 1095 556 syngraphen,

100 572 163 633 vel
178 571 265 633 bona
282 570 461 631 immobilia
476 571 576 632 dedit.

154 672 190 732 5.
214 669 310 728 Plura
331 683 440 728 earum
465 667 645 730 litterarum
669 669 815 749 exempla
842 670 1098 747 conscribuntur,

104 783 256 846 quorum
273 783 374 827 unum
396 767 480 845 apud
508 766 713 846 Episcopum,
733 768 870 829 alterum
886 769 972 847 apud
997 770 1100 834 eccle-

104 864 201 926 siam
215 863 265 926 cui
280 863 425 925 fundatio
439 864 521 926 lacta
536 869 593 939 est,
610 863 788 942 reponitur.

475 1111 696 1166 Annicunus
718 1113 747 1166 II

388 1287 423 1327 DE
441 1287 608 1327 exercentem:
628 1285 832 1328 runuemonult.

161 1449 301 1528 Regulos
323 1447 492 1509 canonicas
512 1448 553 1510 dc
574 1446 750 1526 implendis
773 1447 926 1511 oneribus
948 1448 1107 1510 lundatio·

118 1565 205 1611 num
220 1546 386 1608 ediderunt
399 1544 545 1608 Urbanus
563 1546 633 1608 VIII
651 1544 695 1626 (l)
708 1552 739 1609 et
752 1547 957 1608 InnocentIus
972 1547 1028 1610 XII
1048 1546 1102 1626 (t).

120 1649 242 1709 Earum
253 1643 323 1704 haec
336 1647 383 1704 est
398 1659 523 1703 summa
536 1661 544 1704 ε

163 1743 189 1805 I.
216 1741 383 1820 Episcopis
406 1740 585 1819 praesertim
609 1740 772 1803 incumbit
795 1729 1106 1819 cure'promovcndi

120 1840 346 1904 executionem
361 1838 599 1900 fundationum.

164 1936 343 2000 Concilium
361 1936 584 1996 Tridentinum
605 1935 672 1996 eit:
698 1935 898 2014 «episcopi,
918 1935 1015 1996 etiam
1038 1941 1108 2008 tan·
1155 1925 1156 1928 '

123 2049 225 2112 quam
245 2033 335 2096 Sedis
354 2033 548 2112 Apostolicm
565 2032 713 2112 delegati,
737 2032 882 2094 omniurn
899 2032 1027 2111 piarum
1043 2032 1107 2094 dIs-

125 2132 322 2212 posidcnum
342 2130 463 2193 tamin
484 2131 597 2192 ultima
614 2131 777 2192 voluntate
800 2143 897 2208 qnam
916 2129 1000 2192 inter
1020 2130 1109 2192 vivos

127 2230 193 2304 ¹sint
204 2235 387 2291 executores
398 2226 483 2309 (3).»

167 2329 205 2389 II.
224 2327 406 2389 Curandum
427 2330 486 2401 est,
512 2331 549 2388 ut
568 2324 653 2387 bona
668 2342 726 2404 pro
744 2325 930 2388 fundatione
952 2326 1109 2407 assignata

126 2425 382 2503 llantlrugilero.
666 2483 670 2490 .

167 2523 220 2584 III.
241 2522 398 2584 Operibus
420 2521 651 2584 fundationum
678 2519 936 2585 satisfaciendum
963 2527 1010 2584 est
1021 2521 1112 2600 juxte

127 2621 342 2684 intentionem
355 2619 531 2682 fundatoris
542 2619 648 2699 quoad
659 2635 839 2695 numerum,
854 2627 991 2700 tempus,
1005 2619 1111 2679 locum

128 2723 162 2780 et
174 2717 413 2779 solemnitatem
429 2719 612 2779 missarum.

168 2817 224 2910 IV,
246 2817 289 2877 Ut
301 2815 477 2877 accuratius
502 2815 739 2894 adimpleantur
762 2813 977 2887 fundationes,
997 2810 1030 2870 in
1049 2796 1113 2872 sin'-

129 2912 218 2992 gulis
231 2912 375 2974 ecclesiis
399 2912 600 2976 conficienda
619 2917 668 2974 est
680 2911 799 2974 tabella
822 2926 956 2970 onerum
979 2927 1051 2988 qum
1065 2910 1113 2974 vel

131 3011 372 3090 inperpetuum
388 3011 437 3072 vel
456 3010 497 3070 ed
513 3017 640 3088 tempus
651 3008 728 3087 ipsis
743 3006 893 3085 imposita
906 3007 1045 3070 luerunt.

165 3196 197 3254 Ill
211 3195 298 3244 Const.
314 3193 377 3244 Cum
389 3207 455 3258 repe
469 3193 606 3257 continpat.
652 3176 655 3182 ¹

163 3273 198 3335 (2)
213 3274 297 3324 Const.
308 3275 419 3336 Nupero
431 3273 624 3338 conpreqotione
640 3269 688 3332 (die
704 3273 731 3321 21
745 3267 855 3322 decemb.
869 3272 945 3334 leti).

164 3355 197 3418 (3)
211 3354 277 3405 sees.
293 3353 372 3417 XIIII,
383 3355 415 3404 de
426 3353 556 3416 Reform..
568 3365 622 3415 cap.
636 3363 691 3401 vm.
