2618 4252
460 243 534 287 PARS
556 243 723 288 SPECIALIS.
1022 249 1072 295 tll

93 361 300 422 conscientem
319 368 460 440 spectant,
475 361 564 420 etiem
578 359 609 420 io
623 359 829 440 temporalibus
850 370 991 441 quotenus
1003 364 1075 426 reli-

19 493 20 508 ÷
93 461 209 540 pionem
226 460 396 542 respiciunt.

19 541 20 544 ¹
137 562 166 620 l.
183 557 339 618 Probatur
359 555 531 616 rationibus.
554 555 668 630 Primo,
695 555 811 635 quibus
836 557 870 616 in
891 558 985 620 rebus
1000 561 1073 623 finis

92 657 229 736 alicujus
253 654 414 716 societatis
429 653 484 714 fini
507 654 637 714 alterius
657 654 806 732 postponi
828 655 934 731 dehet,
960 658 1073 720 eadem

18 769 19 774 ’
92 757 218 818 ratione
232 755 287 816 illa
301 755 434 816 societas
447 754 543 815 debet
554 753 646 815 alteri
667 753 796 814 cedere.
817 753 925 833 Atqui,
944 772 981 816 ex
996 757 1074 819 doc·

91 854 179 914 trina
200 853 366 924 catholice,
382 853 416 911 in
432 851 469 911 iis
484 851 591 926 rebus,
620 851 653 911 in
681 850 796 928 quibus
820 851 889 911 finis
913 853 1072 916 societatis

92 950 196 1014 civilis
205 949 594 1028 seutemporalislelicitas
604 948 748 1027 confligit
758 965 831 1010 cum
840 950 1070 1028 fineEcclesiae,

92 1049 198 1123 idest,
213 1064 288 1110 cum
302 1049 401 1108 salute
413 1041 580 1126 spirituali,
592 1046 726 1107 felicitas
736 1047 921 1124 temporalis
932 1066 987 1110 sen
1000 1051 1071 1112 finis

91 1145 255 1207 societatis
291 1143 390 1206 civilis
422 1143 516 1206 saluti
551 1143 708 1222 spirituali
736 1160 791 1204 sen
829 1145 884 1205 fini
919 1146 1070 1208 Ecclesiae

91 1243 244 1322 postponi
254 1242 364 1304 debet.
379 1243 519 1302 Proinde
531 1241 646 1320 quihus
660 1241 694 1300 in
709 1240 803 1301 rebus
816 1243 976 1305 concurrit
990 1246 1071 1306 ratio

92 1342 166 1402 finis
181 1341 352 1419 spiritualis
369 1358 424 1401 seu
437 1339 605 1402 necessitas
617 1337 780 1414 Ecclesiae,
793 1339 827 1398 in
839 1339 888 1413 iis,
903 1341 979 1402 licet
990 1346 1072 1404 tem-

92 1439 217 1518 porales
242 1438 314 1514 sint,
339 1438 482 1499 Ecclesia
507 1441 699 1516 potestatem
726 1453 815 1497 snam
836 1437 907 1514 jure
933 1439 1066 1514 exserit,

92 1537 194 1598 civilis
209 1541 316 1598 autem
332 1537 466 1597 societas
486 1536 591 1597 eidem
601 1539 715 1601 cedere
728 1539 824 1600 debet
841 1539 896 1617 (l).

15 1635 16 1640 ’
135 1633 279 1708 Secundo,
297 1635 378 1695 ordo
389 1634 573 1712 temporalis
586 1634 695 1696 subest
712 1636 817 1697 ordini
829 1635 994 1715 spirituali,
1013 1651 1069 1696 seu

91 1729 161 1809 regi
175 1729 273 1791 dehet
281 1731 372 1809 juxta
385 1732 489 1809 legem
504 1730 654 1794 divinam.
682 1732 779 1811 Atqui
804 1737 944 1810 potestas
966 1732 1068 1794 civilis

14 1853 16 1892 ι
92 1829 241 1891 ordinem
260 1829 470 1907 temporalem
486 1835 702 1908 representat,
719 1831 862 1892 Ecclesia
882 1849 957 1891 vern
976 1831 1072 1908 spiri-

92 1928 213 1988 tualem
224 1926 371 1989 ordinem
385 1927 478 2006 regit.
490 1929 573 2006 Ergo
590 1931 730 2007 potestas
743 1928 843 1990 civilis
865 1930 949 2007 apud
970 1929 1069 1990 chris-

91 2025 195 2086 tianos
210 2023 438 2086 subordinatur
460 2025 611 2087 Ecclesiae
636 2026 669 2086 in
693 2026 731 2088 iis
753 2043 823 2104 quae
841 2024 1069 2088 conscientiam

91 2121 277 2200 respiciunt.

135 2217 243 2294 Tertio,
269 2217 510 2298 praeeminentia
524 2218 675 2282 Ecclesiae
695 2218 802 2300 exigit,
822 2226 856 2282 ut
875 2219 1008 2283 societas
1025 2221 1070 2283 ci·

90 2315 162 2378 vilis
187 2317 416 2380 catholicorum
433 2322 522 2379 actus
538 2334 612 2379 snos
630 2316 685 2377 fini
706 2318 857 2379 Ecclesiae
876 2319 1065 2392 conformet,

13 2471 14 2484 ,
91 2413 160 2474 imo
176 2414 412 2492 quodammodo
428 2413 604 2477 submittat.
619 2417 694 2476 Haec
711 2415 862 2496 obligatio
883 2417 1014 2480 resultat
1031 2434 1069 2478 ex

90 2511 246 2573 relatione
265 2514 336 2574 finis
358 2511 485 2592 utrique
505 2511 649 2576 societati
665 2514 846 2592 praestitnti.
863 2514 948 2575 Finis
960 2513 1070 2574 Eccle-

91 2608 147 2670 siae
168 2611 316 2688 praefixus
339 2615 397 2687 est,
417 2616 453 2672 ut
471 2611 579 2674 omnia
593 2611 746 2674 instauret
763 2613 796 2672 in
811 2613 943 2686 Christo,
961 2609 1066 2685 idest,

91 2711 210 2770 utnon
229 2712 354 2771 tantum
374 2709 514 2790 singulos
529 2709 676 2772 homiues
696 2711 882 2788 sanctificet,
902 2707 1069 2770 sedetiam

90 2803 230 2886 integras
248 2805 383 2869 familias
401 2812 433 2870 et
452 2808 620 2870 societates
640 2808 747 2870 civiles
770 2808 883 2885 spiritu
907 2805 1069 2886 religionis

91 2905 223 2981 repleat.
241 2905 326 2966 Finis
337 2923 412 2968 vero
426 2903 622 2985 principatus
635 2903 745 2978 civilis,
760 2920 833 2965 cum
848 2903 889 2965 sit
900 2903 1068 2965 hominum

89 3002 300 3080 tranquillitas
319 3007 350 3064 et
365 3002 498 3065 felicitas
509 3001 694 3081 temporalis
708 3003 918 3079 procuranda,
938 3019 1003 3063 non
1022 3008 1069 3063 est

89 3116 148 3177 per
162 3116 194 3160 se
211 3103 307 3177 stans,
322 3100 541 3178 independens
557 3105 591 3180 ct
605 3099 695 3178 quasi
712 3099 842 3160 ultimus
855 3099 888 3159 in
903 3117 958 3160 sua
971 3098 1067 3161 linea.

89 3196 200 3274 ltaque
214 3197 297 3258 sicut
308 3197 453 3259 universa
464 3200 569 3258 creata
578 3195 687 3274 gloriae
698 3193 754 3256 Dei
766 3193 915 3258 inservire
929 3194 1065 3271 debent;

90 3295 173 3358 sicut
188 3297 289 3376 quivis
308 3297 411 3358 fidelis
430 3300 556 3358 terrena
575 3295 703 3376 negotia
718 3296 922 3358 destinationi
936 3313 1000 3356 suae
1017 3313 1069 3356 su-

119 3510 153 3574 (l)
167 3511 298 3574 Tarquini,
319 3511 496 3562 Inste'lute'ones
512 3511 586 3576 juris
606 3509 767 3578 ecclesiastici
773 3509 880 3574 publici,
891 3508 933 3559 lib.
949 3511 970 3568 l,
981 3521 1035 3572 cap.
1048 3521 1067 3568 1,

88 3596 150 3641 sect.
165 3593 189 3639 2.
