2590 4262
234 214 286 258 ato
400 215 557 260 uxeoslrlo
579 216 755 262 neruonlca
777 218 860 262 tutus
881 218 1034 264 canorum.

234 329 323 408 tine).
340 331 405 392 lllae
420 349 523 409 poenae
538 333 740 410 temporales,
759 349 830 412 quae
850 334 891 393 ad
915 333 1121 412 affligendum
1139 353 1201 399 eor·

233 445 291 505 pus
307 429 456 490 ordinant
443 434 505 504 t,ur
521 428 687 510 corporales
697 429 765 490 ¹diei
780 430 893 490 solent.

273 526 379 586 Potest
367 531 413 586 tas
445 526 597 588 Ecclesiae
637 525 755 588 coercit
757 525 804 587 iva
827 527 1034 607 intelligenda
1066 533 1198 592 estnon
1268 519 1269 538 ¹

234 622 337 683 solum
365 625 404 684 de
423 624 523 701 peanis
548 622 774 702 spiritualibus,
802 626 1031 698 verumetiam
1056 627 1197 704 deponis

232 720 469 798 temporalibus.
490 753 530 766 -
550 720 646 782 Proh.
662 724 690 782 l.
707 722 762 783 Es
780 722 923 783 Ecclesia
933 724 1035 803 proci.
1054 725 1132 785 (lum
1147 728 1199 787 llo·

230 816 326 877 olesia
341 818 458 895 duplex
473 818 579 879 iorum
598 817 723 894 habeat,
739 835 856 897 nempe
872 819 1034 880 internum
1059 825 1091 881 et
1113 826 1200 884 exter·
1268 879 1269 888 .

230 929 319 988 num,
343 919 437 994 atque
459 914 532 975 ideo
558 915 721 994 duplicem
741 921 934 994 potestatem
956 921 1026 978 tum
1055 917 1199 980 internam

231 1017 299 1072 tum
315 1017 479 1074 externam
491 1013 645 1089 obtineat,
662 1016 755 1094 plane
777 1016 932 1094 sequitur,
950 1033 1019 1080 eom
1034 1035 1103 1078 non
1117 1019 1199 1080 modo

231 1108 448 1187 spiritualibus
466 1111 581 1190 poenis,
606 1112 661 1171 sed
684 1111 779 1174 etiam
804 1113 1021 1190 corporalibus
1043 1113 1092 1175 uti
1108 1131 1198 1194 posse.

231 1206 312 1267 Sane
324 1210 515 1286 temporales
531 1212 562 1269 et
575 1226 690 1286 corpus
708 1209 881 1271 allicientes
897 1217 969 1271 sunt
981 1211 1105 1273 mulcta
1118 1229 1199 1290 pecu-

230 1302 339 1379 niaria,
354 1307 486 1383 flagella,
503 1323 622 1381 carcer,
640 1306 784 1370 exilium.
795 1307 890 1386 Atqui
902 1325 1010 1386 poenas
1025 1308 1198 1388 huiusmodi

229 1416 355 1478 semper
370 1401 408 1460 ab
424 1403 566 1462 Ecclesia
578 1401 716 1464 inflictas
725 1403 821 1464 fuisse
837 1402 1030 1485 constitu).

267 1497 362 1559 Proh.
387 1501 416 1557 2.
439 1497 494 1558 Ec
510 1499 635 1560 conditis
648 1501 851 1580 ,qenerolibns
884 1501 1063 1563 Concilium
1087 1503 1199 1562 Latera-

117 1593 118 1596 ’
228 1611 324 1655 nense
357 1596 398 1655 ΙΙΙ
431 1595 505 1654 anni
537 1598 632 1672 1179,
663 1603 695 1658 et
725 1597 899 1659 concilium
928 1601 1140 1660 lateranense
1165 1599 1197 1660 ll

228 1692 302 1751 anni
326 1694 403 1753 litt
422 1710 530 1771 poenas
551 1695 741 1772 temporales
767 1695 801 1756 in
826 1695 993 1758 haereticos
1017 1697 1195 1756 decernunt.

228 1791 421 1852 Potestatem
435 1789 599 1870 infligendi
613 1811 723 1871 poenas
740 1793 925 1876 hujusmodi
938 1795 1110 1855 confirmat
1126 1793 1196 1854 Gon·

228 1885 338 1946 cilium
349 1886 637 1966 Tridentinumffl).

267 1981 361 2043 Prob.
380 1985 409 2042 3.
435 1985 572 2044 loannes
595 1984 690 2059 XXll,
713 1985 905 2047 Benedictus
919 1987 1000 2060 XIV,
1021 1987 1099 2047 Pius
1113 1986 1150 2048 Vl
1170 1988 1195 2046 et

226 2076 299 2138 Pius
316 2080 358 2139 IX
373 2078 619 2140 damnaruntt
578 2097 604 2138 rs
606 2083 671 2139 tam
682 2081 828 2157 proposit
829 2079 957 2142 ionem:
981 2103 995 2138 n
1008 2080 1195 2144 Ecclesiavis

227 2174 398 2237 inferendae
423 2180 614 2270 potestatem
640 2193 705 2237 non
732 2176 865 2238 habet...
891 2175 1076 2240 Ecclesiae
1064 2197 1114 2258 Jus
1140 2194 1194 2238 non

227 2275 381 2351 competit
395 2259 561 2366 violatores
583 2275 689 2352 legum
709 2291 836 2334 suarum
857 2275 959 2353 poenis
976 2274 1195 2356 temporalibus

228 2371 399 2432 coercendi
414 2370 467 2450 (3).
484 2393 498 2430 n

266 2469 375 2544 ltaque
392 2469 462 2530 haeo
484 2473 624 2548 potestas
648 2468 812 2548 infligendi
834 2487 942 2547 poenas
966 2471 1154 2549 temporales
1167 2473 1192 2530 et

226 2567 370 2645 eorporis
393 2567 555 2628 astlictivas
580 2566 768 2646 auctoritate
791 2567 980 2628 Pontificum
1002 2571 1034 2628 et
1052 2565 1192 2630 Concilio·

224 2680 296 2723 rum
315 2663 554 2743 comprobatur.
572 2665 613 2724 At
634 2681 709 2725 vero
727 2663 851 2742 quoties
874 2663 1017 2724 criminis
1033 2663 1190 2726 enormitas

225 2777 260 2820 ea
272 2766 319 2822 est
333 2767 368 2822 ut
355 2759 555 2822 tecolesiast
534 2766 606 2822 trcae
620 2758 821 2822 coercitionis
837 2761 970 2821 modum
985 2768 1119 2840 superet,
1134 2761 1188 2820 lto-

227 2858 321 2919 clesia
337 2876 407 2936 quae
423 2857 482 2918 mit
483 2858 566 2920 iores
581 2876 690 2936 poenas
704 2857 855 2921 adhibere
869 2859 997 2933 solete
980 2856 1190 2938 etpraesertim

226 2955 375 3019 abhorret
362 2963 405 3018 a
420 2973 581 3038 sanguine
599 2956 807 3019 criminosum
820 2956 973 3019 clericum
988 2957 1029 3018 de
1043 2957 1138 3037 gradu
1150 2953 1190 3013 di·

255 3168 286 3224 (1)
298 3166 394 3224 Deroti,
408 3164 601 3214 Institutionum
611 3164 788 3214 canonicorum
802 3165 845 3214 lib.
859 3164 900 3224 lV,
912 3164 954 3213 tit.
969 3177 1032 3213 nvn.

254 3243 289 3304 (ἲ)
305 3241 370 3292 Sess.
383 3243 455 3304 XXV,
468 3258 524 3306 cap.
536 3258 566 3293 ιιι
581 3251 607 3294 et
621 3257 674 3304 xrx,
687 3243 718 3293 de
729 3243 922 3306 deformatione.

253 3321 283 3382 (3)
298 3322 401 3370 loannis
414 3325 482 3372 xxll
497 3331 575 3374 const.
588 3325 659 3374 Licet
666 3324 747 3388 jacto
759 3323 903 3374 doctrinam
913 3329 1000 3374 contre
1012 3321 1144 3372 llarsilium
1153 3320 1190 3368 Pa·

223 3400 347 3453 tatinum.
363 3403 533 3454 -Benedicti
550 3403 605 3453 xlv
623 3411 703 3454 const.
721 3403 761 3454 Act
779 3403 908 3455 assiduus.
926 3431 954 3441 -
968 3403 1005 3452 Pii
1015 3403 1046 3453 Vl
1059 3402 1125 3452 bulla
1137 3399 1189 3449 Aac·
1221 3408 1225 3419 ·

223 3483 302 3530 torem
315 3480 386 3544 fidei.
403 3483 483 3531 —Pii
499 3484 534 3530 lx
551 3481 670 3546 Syllabas
682 3483 846 3549 complectens
863 3483 1007 3548 praecipuos
1019 3484 1109 3532 nostrie
1117 3477 1189 3530 aetatis

223 3575 328 3612 errores.
341 3588 371 3600 -
383 3561 483 3611 Litterae
496 3561 594 3622 Quanto
606 3577 676 3614 curo.
761 3627 770 3642 .
