2590 4262
468 241 541 284 PARS
563 241 725 286 SPECIALIS.
1031 245 1084 292 Μ

6 357 66 438 443,
321 355 588 435 'rcumspectione
613 360 809 420 exercendus
825 365 882 435 est,
898 378 970 422 cum
991 380 1088 440 expe-

58 439 131 548 ἢ
381 453 395 506 i
408 459 526 515 temere
539 460 592 516 aut
606 455 726 518 levibus
738 474 776 518 ex
789 456 890 518 causis
904 457 1084 536 incutiatur,

117 529 160 600 (ἲν
427 569 497 610 uam
523 552 700 629 formidari,
729 558 760 614 et
785 554 960 633 perniciem
980 557 1086 636 potius

2 663 20 700 ’κ
495 649 547 730 (i).
565 673 579 710 u

523 757 572 808 'tes
585 749 615 807 in
625 747 746 828 serenda
760 770 881 812 censura
890 751 1083 814 observandae.

546 845 615 907 aliae
630 850 826 926 praecedunt,
843 849 912 909 aliae
933 848 1085 910 comitan-

456 1009 679 1102 amoatttoitem
704 1042 865 1121 praeviam,
890 1045 1083 1104 attendenda

391 1157 552 1200 isurarum
564 1141 633 1205 latre
646 1143 694 1202 vel
710 1140 836 1221 ferendae
848 1140 1021 1206 sententie.

339 1235 1084 1317 serturjudt'eialiterpermodumsententiae,re-

260 1329 395 1391 monitiu
411 1329 537 1409 triplex,
559 1349 615 1392 seu
629 1349 692 1392 una
705 1331 838 1393 monitio
854 1333 1082 1411 peremptoria,

172 1431 263 1506 ,nato
276 1427 413 1488 termino
434 1427 518 1489 intra
538 1447 634 1520 quem
647 1447 718 1490 reus
740 1428 908 1504 deliberet,
925 1448 965 1490 an
979 1430 1084 1492 velita

102 1524 307 1586 contumacia
319 1527 479 1587 recedere.

148 1622 183 1683 Si
202 1639 331 1684 censura
340 1624 440 1684 fertur
456 1624 591 1705 lepaliter
603 1641 660 1703 per
677 1627 809 1686 modum
828 1625 948 1699 statuti,
966 1631 1001 1686 ut
1014 1627 1083 1704 ipso

99 1720 189 1781 sacto
198 1719 386 1794 incurratur,
399 1723 486 1782 nulla
496 1722 669 1800 requiritur
678 1723 793 1801 praevia
806 1721 940 1783 munitio
951 1740 968 1782 a
976 1721 1084 1799 judice

98 1814 265 1889 t'acienda;
281 1815 399 1878 etenim
412 1817 463 1878 lex
476 1816 542 1896 ipsa
554 1823 602 1880 est
612 1821 758 1897 quaedam
771 1817 919 1880 continua
934 1818 1078 1881 monitio.

97 1918 330 1976 Verumtamen
348 1915 478 1994 quidam
492 1918 638 1978 videntur
659 1935 806 1978 censuras
820 1920 892 1977 lata:
918 1917 1082 1978 sententiae

98 2013 235 2074 minime
247 2014 395 2093 probare,
409 2014 670 2094 quandoquidem
683 2015 750 2077 sine
762 2014 1002 2088 monitionibus,
1016 2014 1082 2077 sine

98 2114 249 2190 testibus,
273 2112 340 2174 sine
366 2113 429 2174 ulla
457 2113 642 2176 defensione
666 2131 794 2192 poenam
818 2115 969 2190 irrogant,
996 2115 1081 2192 quod

99 2212 299 2290 profect0,ab
319 2211 467 2291 aequitate
491 2210 630 2272 alienum
658 2216 749 2273 asset.
778 2213 819 2272 At
839 2229 914 2273 vero
941 2212 994 2290 qui
1012 2212 1082 2273 haec

99 2313 279 2388 opponunt,
297 2307 319 2368 ii
335 2309 466 2386 quidem
490 2307 694 2387 disciplinam
707 2310 859 2370 Ecclesiae
879 2309 960 2370 hene
974 2309 1083 2388 cogni·
1163 2334 1166 2344 ·

98 2415 170 2468 tam
191 2412 245 2468 aut
259 2408 538 2484 exploratamnon
552 2407 685 2469 habent.
703 2409 781 2468 Nam
801 2425 885 2482 eum,
910 2425 948 2469 ex
964 2409 1082 2488 Regula

98 2499 197 2576 Juris,
212 2501 293 2560 'aterno
303 2499 468 2580 puniendus
482 2501 522 2560 sit
534 2501 592 2560 arsi
602 2501 743 2582 probetur
762 2521 840 2578 reus,
856 2503 942 2563 nulla
958 2501 991 2560 in
1012 2502 1081 2561 foro

96 2602 232 2660 externo
244 2615 338 2676 poena
352 2598 518 2676 irrogatur,
535 2597 595 2659 nisi
617 2605 784 2679 postquam
807 2599 964 2661 sententia
977 2597 1084 2657 decla-

97 2694 219 2756 ratoria
237 2693 378 2754 criminis
389 2698 512 2774 prelata
530 2695 633 2757 suerit.

140 2787 174 2849 si
194 2785 357 2866 suspensio
380 2789 428 2849 vel
445 2788 654 2850 interdictum
671 2789 781 2864 fertur,
806 2804 871 2847 non
896 2785 1026 2862 quidem
1046 2791 1081 2848 ut

97 2901 174 2946 vera
189 2887 413 2960 censurapsed
440 2905 497 2964 per
521 2885 639 2946 modam
659 2903 756 2966 poeuoe
776 2881 970 2956 vindicantium,
996 2883 1083 2944 nulla

95 2981 273 3061 requiritur
297 2982 413 3060 previa
435 2982 587 3058 moniti03
613 3001 685 3044 nam
708 2984 747 3043 ad
764 2981 937 3042 vindictam
964 2981 1080 3050 sufficit

96 3078 254 3141 delictum
265 3079 464 3159 praecessisse
478 3081 532 3160 (ἓ).
1003 3077 1005 3082 ’

137 3181 169 3237 2.
184 3178 288 3240 Judex
300 3177 490 3239 sententiam
510 3194 652 3239 censurae
671 3177 792 3256 profert
812 3175 842 3234 in
860 3173 987 3254 scriptia,
1005 3189 1076 3236 cum

97 3274 307 3353 expressione
330 3293 455 3350 causae,
475 3279 507 3336 et
535 3273 617 3334 iutra
632 3291 775 3336 mensem
797 3277 964 3334 censuratc
982 3272 1078 3334 tradit

78 3411 79 3414 =
96 3375 283 3452 exemplum
297 3373 390 3453 hujus
405 3373 582 3451 scripturae,
595 3371 621 3434 si
634 3372 730 3434 fuerit
744 3369 942 3451 requisitum.
960 3370 1079 3432 Proba-

128 3515 161 3576 (t)
179 3515 315 3566 Concilium
327 3517 511 3579 Tridentium,
525 3531 585 3567 sess.
598 3517 745 3578 xxv„esp.
758 3530 797 3574 111,
809 3515 841 3565 de
854 3517 963 3573 Reform.

127 3597 161 3657 (t)
171 3596 295 3660 Maschat,
311 3597 562 3660 Institutioaesjuris
573 3598 693 3659 canonici,
708 3598 750 3646 lib.
770 3597 799 3657 V,
813 3597 855 3648 tit.
871 3611 946 3645 xxxix
