2604 4264
461 306 534 351 ralis
555 305 718 353 sauciatis
1023 310 1075 359 1⁰8

135 425 264 489 Quasrro
280 427 305 481 l.
319 424 358 478 lle
370 421 582 480 beatificatione
595 429 624 480 et
638 425 854 482 canonizatione
870 425 1056 486 Sanctorum.

133 516 265 581 Qoasrro
280 517 307 571 2.
324 515 364 570 lle
377 512 456 570 cultu
471 513 513 568 eis
526 513 703 573 exhibendo.

140 707 260 768 Quasrro
275 707 611 756 1·.-1>ssmnnesrioas
626 720 657 756 ar
671 717 866 758 deucaleoneas
877 709 1034 762 Sermonae.

140 863 169 924 1.
185 861 336 922 laetorum
351 859 511 942 multicolor
530 859 641 941 prodes
663 861 868 942 distinguitur
892 863 1078 928 nominibus

7 1013 9 1040 ,
95 959 264 1022 Servorum
278 957 344 1034 Dei,
366 957 586 1035 innobilium,
601 959 773 1034 Beotoram,
790 959 979 1023 Sanctorum.

141 1057 233 1120 Sei-oi
255 1057 310 1118 Dei
335 1058 545 1136 appellamur,
575 1057 629 1136 qui
658 1075 732 1119 eum
753 1057 880 1137 publica
903 1057 1078 1122 sanctitatis

95 1157 187 1217 sama
199 1140 365 1229 obierunt;
395 1153 579 1230 Venerabiles,
597 1173 734 1234 quorum
748 1156 922 1218 sanctitatis
938 1157 1021 1218 larua
1029 1157 1078 1237 ju-

96 1252 212 1316 diciali
233 1252 354 1314 ratione
374 1225 582 1331 comprobata
609 1258 672 1329 est;
689 1253 787 1328 Beati,
813 1271 950 1332 quorum
975 1257 1078 1316 cultus

96 1351 268 1431 pontificio
296 1351 426 1414 decreto
459 1351 651 1430 permittitur
688 1352 839 1414 Ecclesiae
871 1353 1075 1433 particulari3

95 1448 211 1510 Sancti
220 1447 366 1528 denique,
384 1466 463 1527 quos
483 1466 632 1529 supremo
644 1451 738 1529 Papae
750 1451 875 1531 judicio
888 1452 921 1512 in
934 1452 1079 1514 universa

95 1547 245 1610 Ecclesia
261 1547 412 1610 colendos
425 1564 493 1608 esse
508 1548 687 1610 mandatur.

142 1647 250 1726 ltaque
275 1645 467 1708 beatificatio
489 1645 626 1708 differta
647 1648 893 1726 canonizatione.
917 1651 1080 1712 Beatilica·

96 1744 147 1806 tio
160 1754 207 1807 est
232 1749 320 1806 actus
342 1762 405 1823 quo
428 1746 463 1806 a.
480 1745 626 1806 Pontifex
647 1747 741 1807 cerlis
764 1747 842 1808 locis
866 1747 1021 1828 indulget,
1044 1754 1079 1811 ut

93 1844 257 1924 justorum
271 1842 393 1904 animas
417 1842 504 1904 culto
519 1843 622 1916 Beatis
637 1842 745 1906 debito
763 1851 1003 1924 prosequantur.
1022 1849 1079 1910 Ga-

96 1940 259 2003 nonizatio
283 1945 389 2002 autem
411 1945 457 2002 est
480 1940 637 2002 sententia
656 1942 827 2018 definitiva,
851 1961 911 2023 qua
934 1946 1080 2006 decerni·
1120 1978 1122 1981 ·

96 2039 1080 2118 turaliquemcatalogoSanctorumadscribendum‚etiuuni-

96 2155 185 2201 versa
197 2137 339 2200 Ecclesia
348 2138 435 2198 culto
452 2136 570 2200 sanetis
589 2135 698 2198 debito
714 2139 901 2200 colendum.

96 2275 98 2278 -
139 2237 178 2297 Il.
191 2233 466 2317 Cujusouetoritote
477 2233 548 2316 fieri
553 2233 653 2294 debeat
663 2235 878 2298 canonizatioet
887 2236 1081 2320 beatificatio?

138 2333 223 2398 Olim
242 2332 419 2394 sufficiebat
440 2330 609 2394 auctoritas
632 2332 794 2412 Episcopi,
819 2335 873 2416 qui
896 2335 927 2396 in
950 2337 1080 2416 synodis

97 2451 162 2494 una
184 2448 259 2494 eum
274 2427 399 2494 clericis
412 2429 476 2490 suis
492 2446 620 2490 causam
638 2429 838 2494 examinabat
854 2449 891 2494 ac
910 2433 1078 2512 probabat.

96 2533 173 2592 Post
187 2523 398 2608 episcopalem
415 2526 650 2602 definitionem,
673 2528 806 2590 Sanctus
829 2530 998 2610 quisquam
1012 2539 1080 2595 tan-

96 2629 211 2692 tumin
229 2627 357 2690 dioecesi
375 2625 554 2703 colebatur;
568 2628 644 2696 tunc
660 2626 790 2688 demum
805 2628 844 2688 ad
867 2628 943 2690 alios
965 2629 1080 2692 dissce-

98 2745 148 2790 ses
163 2731 218 2788 aut
237 2724 415 2806 provincias
435 2726 538 2786 cultus
560 2723 800 2801 traducebatur,
822 2743 897 2788 curn
911 2744 968 2804 per
981 2744 1077 2807 ency-

98 2827 197 2888 clicas
221 2825 292 2886 aliae
307 2823 460 2886 Ecclesiae
476 2823 516 2884 de
534 2813 657 2901 judicie
672 2823 820 2904 Episcopi
842 2825 933 2884 iactae
949 2823 1081 2887 luissent

98 2923 262 2996 certiores,
286 2922 454 3002 ipsumque
476 2920 635 2999 judicium
655 2920 886 2996 probavissent.
913 2921 1078 3000 Praecipua

97 3024 203 3082 alitem
214 3017 390 3080 habebatur
401 3015 482 3077 ratio
494 3017 617 3078 Summi
634 3016 809 3089 Pontiliois‚
826 3017 866 3076 ad
891 3033 989 3096 quern
1009 3022 1080 3079 acta

97 3118 334 3197 Episcoporum
348 3113 520 3194 aliquando
545 3113 775 3189 referebantur,
793 3117 838 3189 ut,
855 3115 962 3175 statim
980 3132 1016 3178 ac
1039 3115 1079 3176 ab

98 3233 137 3278 eo
151 3215 249 3292 etiam
272 3212 494 3293 probarentur,
511 3211 544 3272 in
558 3211 704 3272 universa
721 3211 863 3276 Ecclesia
877 3213 981 3274 cultus
996 3214 1080 3276 cele·

97 3312 245 3376 braretur
259 3311 312 3392 (ll.

137 3414 184 3474 Ex
199 3429 262 3492 quo
271 3410 382 3490 liquet,
398 3413 475 3472 tunc
494 3407 561 3489 jam
578 3406 724 3486 agnitum
743 3406 839 3470 luisse
863 3409 980 3488 duplex
997 3409 1079 3470 Bea-

97 3515 205 3575 torum
230 3525 340 3589 genus,
371 3522 507 3588 quorum
530 3505 627 3585 aliqui
653 3506 731 3568 tales
750 3505 949 3572 habebantur
967 3507 1001 3568 in
1015 3493 1079 3566 una

129 3671 161 3732 (t)
173 3668 286 3731 berardi,
301 3666 485 3718 Commentario
500 3666 525 3716 in
535 3666 658 3718 librumV
673 3667 852 3720 Decretoliam.
