2594 4286
492 247 565 293 PARS
587 245 751 292 spatiante.
1075 243 1107 290 tt

129 364 307 446 Religiosus
319 353 406 428 enir'n
418 364 502 428 bona
517 364 575 444 ipsi
590 363 792 426 obvenientia
807 381 844 428 ex
855 367 1046 426 testamento
1061 364 1110 425 rol

128 482 167 526 ex
181 464 356 526 donatione
371 453 515 543 acceptat
527 463 657 542 proprio
671 461 800 524 nomine
816 468 850 524 ut
865 461 1008 523 minister
1020 478 1110 524 com-

127 562 304 624 munitatis.
320 561 372 622 Fit
380 560 513 624 civiliter
526 577 688 640 possessor
698 566 729 621 et
742 560 863 621 reditus
877 559 1045 622 conventui
1057 576 1106 621 ce·

128 660 226 722 dunt.

167 759 207 819 ll.
230 759 336 820 Soluta
354 755 527 836 quaestione
543 757 633 835 juris,
650 756 873 819 concludimus
888 761 959 820 vota
972 759 1108 836 Regula-

126 855 214 917 riu'm
231 856 349 928 Galliae,
366 839 631 934 qui'profitentur
645 856 679 915 in
700 855 812 916 ordine
833 854 1011 934 approbato
1032 873 1106 918 cum

125 954 209 1014 votis
230 952 435 1026 solemnibus,
452 968 519 1013 esse
537 952 701 1026 solemnia,
715 953 813 1014 modo
828 953 914 1014 nulla
933 952 967 1013 in
983 958 1106 1015 contra-

125 1049 213 1110 rium
226 1049 311 1110 edita
325 1049 366 1111 sit
385 1048 557 1110 declaratio
577 1050 609 1110 S.
628 1047 730 1111 Sedis.
752 1047 852 1125 Igitur
870 1049 1021 1110 solemnia
1034 1055 1106 1126 vota

126 1147 281 1208 emittunt
303 1147 335 1206 in
349 1145 459 1220 Gallia,
481 1143 672 1218 Benedictini,
689 1143 886 1221 Dominiconi,
905 1143 1103 1222 Camelitaoi,

123 1244 257 1320 Jesoitoe,
276 1241 443 1324 Copuoeioi.
460 1246 527 1305 Hoc
542 1243 638 1305 etiam
653 1249 778 1306 constat
788 1260 827 1305 ex
841 1243 1000 1322 responsis
1014 1245 1104 1306 Sedis

126 1340 333 1421 spostolicae.
853 1337 859 1356 ¹

168 1441 214 1500 Ex
235 1439 503 1502 declarationibus
536 1440 568 1503 S.
600 1437 701 1514 Sedis,
724 1427 888 1518 simplicia
907 1439 1105 1502 estimantur

124 1542 201 1599 vota
213 1536 431 1619 Troppensium,
442 1543 474 1599 et
483 1535 610 1598 attentis
619 1534 832 1616 peculiaribus
844 1535 1101 1614 circumstantiis,

125 1641 199 1697 vota
216 1636 402 1697 monialium
417 1635 536 1696 Galliae.
1059 1705 1070 1724 ·

168 1735 249 1795 Vota
263 1732 449 1794 monialium
468 1731 575 1793 Galliae
589 1749 660 1810 quae
675 1733 863 1810 profitentur
882 1731 1065 1796 institutum
1085 1753 1104 1797 a
1199 1722 1202 1730 ’

125 1833 159 1894 S.
175 1831 258 1894 Sede
272 1830 484 1910 approbatum
498 1847 573 1891 eum
588 1828 667 1891 votis
680 1829 887 1904 solemnibus,
902 1833 1103 1896 solemnitate

125 1935 246 2004 carent,
266 1931 297 1989 1ο
308 1947 373 1990 non
388 1945 475 1990 exeo
490 1927 575 2008 quod
591 1944 702 1989 eorum
716 1933 889 1990 conventus
901 1929 1019 1992 luerint
1032 1931 1103 1993 ille-

125 2026 238 2106 gitime
251 2025 425 2088 instaurati.
442 2029 476 2086 2⁰
499 2027 607 2104 Neque
623 2043 660 2084 ex
680 2025 886 2104 dispositione
907 2026 984 2107 legis
1002 2028 1103 2090 civilis

126 2142 199 2202 quae
212 2141 276 2184 non
290 2123 425 2201 impedit
438 2123 590 2184 solemnia
601 2130 676 2184 vota
685 2123 836 2185 virorum.
848 2125 880 2184 3⁰
892 2126 1000 2202 Neque
1011 2142 1052 2187 ex
1064 2144 1102 2189 eo
1147 2145 1149 2150 ·

127 2223 212 2300 quod
228 2227 336 2283 votum
349 2220 543 2298 paupertatis
558 2220 742 2282 emitterent
761 2237 835 2282 cum
849 2222 1024 2285 intentione
1036 2243 1103 2286 ser-

124 2319 219 2380 vandi
235 2318 441 2398 capacitatem
467 2316 612 2391 dominii,
636 2319 723 2396 quod
738 2335 802 2378 non
820 2318 983 2396 probatur.
1005 2323 1104 2400 Igitur

124 2423 198 2479 vota
212 2416 400 2480 monialium
411 2415 564 2476 solemnia
579 2419 696 2490 essent,
708 2414 769 2476 nisi
782 2416 1000 2482 intervenisset
1015 2416 1103 2482 deci-

123 2515 170 2576 sio
185 2533 255 2594 quae
268 2513 331 2592 legi
345 2514 486 2593 derogat.
501 2512 699 2574 Probabilius
712 2515 743 2575 S.
761 2515 858 2578 Sedes
869 2522 940 2578 vota
951 2520 1104 2579 solemnia

124 2611 313 2672 monialium
326 2611 432 2671 Galliae
449 2627 514 2672 non
533 2611 684 2686 admittit,
705 2609 746 2672 ob
762 2629 871 2692 graves
886 2614 1099 2689 difficultates,

125 2726 164 2770 ex
180 2709 297 2788 quibus
311 2707 344 2768 in
357 2712 439 2770 statu
454 2708 603 2787 praesenti
618 2725 736 2783 rerum,
755 2711 903 2774 mulieres
927 2707 1048 2774 nonita
1069 2731 1103 2776 se

115 2804 414 2886 ¹facileenpediunt.

320 2994 431 3089 Qonsrm
445 3032 483 3082 2¹.
496 3056 527 3069 -
537 3030 574 3081 m
587 3043 730 3082 monrium!
741 3033 908 3095 anatemati).

168 3199 291 3258 Praeter
306 3214 343 3258 ea
357 3216 429 3276 quse
444 3199 614 3261 Ordinibus
627 3200 769 3261 virorum
785 3205 817 3262 et
831 3201 1002 3266 mulierum
1013 3223 1104 3268 com-

123 3296 236 3357 munia
249 3301 331 3369 sunt,
352 3296 504 3358 antdicte
517 3297 645 3357 fuerunt
660 3297 699 3357 de
715 3297 900 3359 monialium
912 3302 1057 3364 clausura
1071 3309 1103 3366 et

123 3392 304 3468 vocatione,
321 3393 468 3472 quedam
483 3395 671 3472 exponenda
683 3400 860 3458 remanent.

157 3581 318 3646 (illibrandi,
333 3581 857 3648 commentariumcoommentarium
872 3585 892 3649 l,
901 3586 998 3638 dissert.
1013 3587 1054 3640 lv,
