2604 4264
198 281 251 328 154
362 280 520 326 nxrosmlo
542 278 721 324 unrflomca
741 280 824 324 tulus
844 279 999 324 cruorum.

194 401 254 472 tor,
272 413 345 458 eum
359 395 552 458 beneficium
565 396 698 468 confert,
714 397 838 472 partem
853 395 1014 455 fructuum
1027 392 1099 464 sibi,
1117 399 1178 454 ant

194 494 269 568 suis,
285 498 339 555 aut
354 509 473 553 mensae
488 510 553 553 snae
567 491 615 552 vel
631 489 761 569 capituli
774 500 910 552 reservet.

233 593 264 652 3.
279 590 386 652 Ponto
406 589 594 650 ecclesiastico
609 593 657 650 est
672 593 759 650 certa
783 607 855 668 pars
868 589 1039 662 redituum,
1064 586 1120 665 qui
1135 604 1178 648 ex

193 687 297 750 alieno
320 688 476 750 beneficio
499 687 717 762 detrahuntur,
738 691 831 764 atque
847 686 942 747 alicui
957 685 1076 747 clerico
1089 685 1180 762 justa

195 785 235 844 de
248 801 342 844 causa
354 789 386 845 et
402 783 541 862 legitima
553 782 740 844 auctoritate
758 783 956 862 assignantur
971 783 1020 844 vel
1040 781 1079 840 ad
1095 783 1178 842 tem·

195 900 263 959 pus,
277 882 325 942 vel
338 881 371 940 in
385 885 585 960 perpetuum.

234 979 383 1040 Summus
397 978 543 1039 Pontifex
561 981 667 1055 potest
689 976 852 1038 beneficiis
865 977 1030 1056 imponere
1045 975 1178 1054 pensio-

195 1093 268 1136 nem
289 1080 489 1154 perpetuam.
516 1076 692 1155 Episcopus
706 1092 780 1136 vero
797 1074 935 1152 imponit
948 1076 1074 1134 tautum
1092 1089 1175 1151 pen-

195 1173 316 1234 sionem
343 1174 560 1251 temporalem,
586 1179 616 1235 et
641 1173 771 1262 quidem
792 1189 871 1250 opus
887 1175 934 1231 est
958 1170 1043 1247 justa
1065 1185 1174 1241 causa,

194 1267 413 1340 moderatione
425 1272 457 1328 et
471 1282 629 1326 consensu
643 1265 742 1326 tacito
756 1263 947 1326 beneficiati.

232 1369 262 1425 l.
281 1363 361 1424 Tora
375 1361 522 1423 seminarii
534 1366 580 1421 est
598 1362 697 1422 altera
716 1361 945 1422 beneficiorum
960 1357 1177 1420 dismembra-

192 1460 251 1537 tio,
267 1479 305 1524 ex
320 1463 448 1522 decreto
465 1458 598 1520 Consilii
612 1459 790 1521 Tridentini
806 1460 859 1538 (l).

311 1641 353 1692 tv.
369 1643 449 1692 —Do
461 1641 638 1692 beneficiorum
650 1642 826 1705 suppressione
836 1655 880 1691 seu
892 1639 1051 1691 extinctione.
1129 1703 1133 1709 Ι

232 1783 256 1843 Ι.
273 1780 430 1843 Eatiuctt'o
450 1782 580 1864 beneficii
598 1783 764 1862 contingit,
794 1783 921 1860 quando
944 1778 1079 1842 ecclesia
1101 1779 1173 1841 des-

192 1873 309 1940 truitur
319 1893 381 1936 una
394 1894 467 1937 cum
477 1877 643 1953 reditibus,
658 1881 713 1938 aut
721 1876 761 1938 ab
770 1874 952 1936 infidelibus
961 1873 1177 1963 vel'scbisma-

192 1971 464 2052 ticisoccupatur.
1136 2013 1142 2023 ·

231 2072 268 2131 ll.
286 2069 460 2151 Suppresst'o
475 2070 676 2153 beneficiorum
693 2075 729 2134 tit
744 2070 931 2133 anctoritate
958 2065 1173 2131 ecclesiastica

193 2171 225 2228 et
246 2183 284 2228 ex
299 2159 383 2245 justa
403 2187 510 2244 causa;
536 2188 628 2232 secus
652 2169 739 2232 enim
770 2169 978 2230 diminuendo
1003 2181 1174 2227 numerum

192 2264 436 2343 prebendarum
451 2269 554 2329 cultus
580 2267 702 2346 divinus
727 2267 827 2328 minui
850 2285 914 2328 non
934 2265 1041 2326 debet
1067 2261 1175 2324 Istius·

192 2362 280 2423 modi
299 2379 402 2425 causae
426 2370 499 2427 sunt
523 2385 531 2426 ε
555 2365 697 2444 paucitas
715 2364 903 2439 incolarum,
919 2362 1059 2425 vindicta
1072 2358 1174 2440 gravis

193 2459 332 2534 sceleris,
343 2461 512 2522 diminutio
525 2463 688 2524 redituum
700 2463 784 2536 talis,
799 2466 834 2524 ut
847 2479 912 2522 non
925 2459 1026 2538 possit
1037 2473 1174 2538 persona

191 2555 307 2619 idonea
322 2560 501 2620 sustentari.

230 2655 282 2716 Ill.
302 2652 467 2715 Trouslotr'o
489 2655 619 2738 beneficii
636 2675 701 2719 non
725 2657 822 2720 babet
843 2657 1000 2718 rationem
1024 2670 1174 2735 suppres-

192 2750 299 2829 sionis,
316 2753 390 2832 quia
405 2753 485 2832 jura,
500 2755 622 2816 reditus
635 2760 667 2818 et
681 2755 891 2836 obligationes
907 2755 947 2816 ob
964 2755 1174 2817 mutationem

111 2883 116 2889 ·
191 2850 254 2912 loci
270 2869 335 2913 non
350 2851 568 2914 immutantur.

230 2947 361 3010 Causam
388 2955 420 3010 et
445 2950 581 3011 formam
606 2951 819 3015 translationis
845 2951 966 3012 indicat
994 2949 1173 3012 Concilium

191 3044 411 3108 Tridentinum
431 3047 473 3128 (ἓ)
498 3069 504 3110 :
526 3070 540 3108 a
559 3049 592 3110 si
609 3068 670 3128 qua
684 3051 836 3125 Ecclesia,
853 3054 1006 3112 vetustate
1028 3048 1078 3109 vel
1095 3046 1172 3108 alias

190 3141 340 3221 collapsa,
356 3152 487 3223 propter
508 3146 648 3226 inopiam
671 3148 838 3210 instaurari
851 3153 998 3227 nequeat,
1016 3145 1172 3210 beneficia

191 3236 312 3299 ibidem
336 3249 440 3302 erecta
462 3262 525 3305 non
545 3246 710 3326 supprimi,
733 3247 786 3308 sed
808 3247 842 3306 in
860 3246 936 3306 alias
958 3245 1108 3306 ecclesias
1130 3243 1170 3306 ab

190 3331 348 3413 Episcopo
370 3341 531 3401 transferri
554 3343 672 3406 debent
686 3361 760 3407 eum
782 3344 928 3406 omuibus
944 3342 1170 3406 emolumentis

191 3436 223 3496 et
241 3433 404 3497 oneribus.
424 3456 437 3494 r

220 3564 258 3632 (1)
273 3569 337 3618 Sese.
352 3569 442 3624 Xlllll,
456 3583 514 3631 cap.
531 3585 605 3636 xviri,
620 3574 650 3624 de
664 3575 774 3639 Reform.

219 3639 251 3703 (tt
266 3642 388 3703 blascbat,
401 3641 534 3705 Zallinger,
543 3643 587 3694 lib.
607 3645 652 3708 lll,
664 3647 705 3696 tit.
717 3647 749 3696 de
765 3645 918 3700 Praedeudis.
