2594 4286
214 308 247 355 Η
372 306 530 354 exroslrlo
550 305 728 356 unruonlca
748 307 831 356 lunis
853 309 1008 360 eubolum.

166 505 168 514 y
214 428 320 489 silium
342 427 372 488 in
398 427 589 508 quibusdam
607 426 788 492 Ordinibus.
804 462 844 480 -
855 433 973 494 Proeter
991 432 1183 512 Capitulum,

212 525 309 588 etiam
323 526 586 588 monasteriorum
599 525 736 588 visitatio
751 529 891 605 regulam
904 534 1021 592 tuetur.

287 739 401 801 Qossrro
413 740 484 792 3·.-
498 737 648 790 neonisio
660 749 805 790 voramus
819 747 883 790 saon
897 740 1044 790 Rsonnsnrs
1060 739 1103 803 (ι).

249 912 273 974 Ι.
303 909 489 988 Superiores
507 910 655 986 ¹possunt
688 909 855 988 praeceptis
883 909 948 970 suis
978 907 1122 970 subditos
1151 907 1186 968 in

210 1007 407 1074 conscientia
421 1007 573 1084 obligare.
593 1007 660 1068 Hoc
681 1006 834 1085 probatur
850 1025 914 1068 non
935 1011 1058 1069 tantum
1079 1023 1117 1068 ex
1135 1006 1188 1085 ju-

209 1105 543 1184 risdictione'praelati,
561 1105 617 1166 sed
641 1104 737 1166 etiam
760 1110 833 1167 voto
853 1104 1055 1182 obedientiae,
1075 1110 1107 1166 et
1119 1110 1187 1166 tra-

148 1249 152 1263 .
211 1205 344 1268 ditione.

249 1304 286 1363 ll.
314 1302 467 1364 Ordinum
494 1303 660 1364 Generales
685 1317 758 1363 cum
774 1301 917 1381 Capitulo
939 1301 1037 1376 totius
1058 1299 1185 1364 Ordinis

209 1403 343 1478 possunt
359 1398 497 1460 condere
510 1405 625 1463 statuta
640 1408 800 1479 perpetua,
819 1417 889 1477 quae
903 1399 1060 1461 rationem
1074 1403 1107 1460 et
1121 1397 1185 1459 vim

210 1497 288 1576 legis
303 1496 432 1559 babent.
446 1529 484 1544 -
497 1499 710 1568 Novastatuta
721 1514 831 1559 omnes
842 1497 993 1577 obligant,
1006 1497 1032 1558 si
1044 1497 1187 1584 regulam

205 1596 352 1664 firment.

253 1694 376 1755 Statuta
397 1710 467 1774 quae
488 1711 528 1754 ne
547 1692 703 1755 indirecte
718 1693 850 1771 quidem
870 1693 910 1755 ad
931 1693 1072 1770 regulam
1093 1692 1190 1754 redu·

214 1798 338 1866 cuntur,
355 1808 421 1852 non
438 1791 580 1870 obligant
594 1795 687 1853 antea
701 1792 871 1870 professos.
983 1807 985 1813 ⁸

252 1889 305 1950 Ili.
321 1889 355 1950 Si
369 1894 473 1968 partes
490 1889 702 1951 accidentales
722 1891 839 1966 regulae
862 1887 1004 1969 legitima
1017 1893 1185 1952 consuetu-

93 2050 98 2058 ,
215 1986 289 2049 dine
304 1986 488 2065 defecerint,
512 1987 645 2066 professi
662 1987 736 2067 cogi
759 2005 824 2049 non
843 1992 975 2066 possunt
994 1988 1033 2048 ad
1048 1993 1190 2049 voterem

216 2085 430 2148 austeritatem
454 2086 569 2162 redire,
598 2085 672 2165 quia
697 2086 838 2165 regulam
860 2084 987 2147 nonnisi
1012 2085 1212 2162 mitigatam·
1291 2127 1292 2155 p

212 2189 376 2276 povorunt.
395 2184 492 2246 Secus
504 2188 596 2259 esset,
612 2184 637 2244 si
651 2183 829 2246 essentialia
841 2184 1058 2263 negligentum
1075 2183 1192 2246 sicum
1213 2215 1215 2218 ·
1291 2161 1292 2182 ¹

216 2281 366 2362 praesenti
385 2280 602 2343 observatione
617 2281 709 2361 pauci
730 2282 771 2344 ad
787 2281 1018 2361 perfectionem
1038 2281 1189 2355 tendant;

217 2379 244 2440 si
256 2385 402 2442 votorum
417 2378 622 2457 obligationes
637 2383 883 2441 contemnantur
897 2384 928 2442 et
938 2379 1048 2440 fideles
1059 2380 1193 2440 scanda-

218 2475 362 2552 lizentur,
378 2477 529 2557 tunojure
541 2493 576 2540 ac
594 2477 708 2539 merito
722 2477 761 2537 ad
777 2478 937 2555 antiquam
952 2478 1067 2557 regulae
1084 2477 1194 2540 obser-

217 2573 355 2635 vantiam
369 2573 440 2652 cogi
455 2579 597 2652 possunt,
614 2574 687 2653 quia
702 2590 772 2635 eam
783 2572 939 2651 implicite
955 2578 1109 2637 voverunt
1118 2592 1193 2637 cum

219 2671 413 2750 obligatione
427 2670 580 2734 tendendi
592 2672 632 2733 ad
647 2671 886 2752 perfectionem.

387 2883 439 2947 §2
453 2911 486 2924 --
500 2884 625 2938 conditio
641 2863 821 2951 quorumdam
837 2883 1025 2970 nouolutum.

184 3032 189 3044 ι
257 3057 380 3120 Qunsrro
399 3059 436 3113 l'.
452 3057 495 3110 An
509 3055 540 3111 in
555 3055 646 3112 Gallia
662 3056 834 3112 emittuntur
845 3060 911 3113 vota
922 3056 1090 3112 solemnia?

258 3144 382 3208 Qunsrm
396 3146 435 3198 2⁸.
451 3144 490 3198 lle
505 3143 678 3201 monialium
691 3144 847 3216 regimine.

259 3230 382 3295 Qonsno
397 3235 434 3288 θ’.
450 3233 489 3286 lle
503 3233 646 3303 regimine
664 3232 936 3304 congregationum.

135 3479 142 3489 ⁸
162 3395 166 3404 ¹
256 3421 289 3484 (1)
301 3420 386 3481 Bouix,
398 3420 428 3468 de
443 3422 615 3485 deputaretur,
628 3438 686 3486 pars
697 3424 738 3486 vl,
748 3431 807 3474 sset.
825 3428 848 3486 l,
863 3438 918 3487 cap.
932 3437 970 3477 111.
