2594 4286
227 299 261 344 sa
393 287 547 346 uxrosrmo
568 298 745 346 usruourca
766 299 848 344 runis
870 299 1026 346 cruorum.

225 452 254 494 se
275 434 415 494 neminem
437 453 518 516 posse
534 435 667 510 solvori,·
684 432 820 513 ideoque
842 433 988 495 omnibus
1011 433 1129 496 viribus
1152 435 1200 497 ni-

225 532 303 594 titur
319 533 414 594 iidem
429 551 614 614 propagare,
629 539 660 595 et
672 538 836 594 extraneos
848 533 887 593 ad
904 549 937 594 se
949 533 1120 596 adducere.

265 629 490 691 Verumtamen
504 630 535 690 in
557 631 619 690 fide
634 629 836 709 propaganda
848 635 880 691 et
895 630 984 690 novis
997 630 1125 692 asseclis
1138 630 1199 693 sibi

225 723 446 803 comparandis
458 727 599 788 Ecclesia
612 727 736 788 nonnisi
744 727 827 806 justa
844 733 876 789 et
887 733 973 790 recta
987 727 1091 790 media
1105 728 1198 790 adbi-

225 823 289 884 bet.
305 825 475 904 Propterea
489 823 550 885 vim
578 821 741 887 externar'n
762 823 795 885 in
812 825 1017 888 conversione
1030 827 1198 889 hominum

225 921 357 1000 respuit.

264 1021 372 1100 Itaque
384 1021 514 1100 jubente
538 1021 684 1096 Domino,
701 1022 1085 1104 praedicari‘Evangelium
1107 1023 1194 1086 omni

225 1125 391 1199 creatura,
404 1119 487 1181 inter
501 1120 674 1181 Ecclesiam
689 1125 720 1182 et
735 1120 920 1182 societatem
935 1121 1112 1184 infidelium
1123 1140 1197 1202 per-

225 1223 356 1294 petuum
370 1223 417 1278 est
433 1217 571 1291 bellum;
590 1218 672 1296 quod
691 1217 810 1295 duplici
827 1219 921 1280 modo
933 1221 1061 1298 geritur,
1078 1237 1194 1299 nempe

225 1315 264 1376 ab
284 1316 433 1383 Ecclesiae
447 1314 598 1376 ministris
613 1332 669 1394 per
680 1317 950 1393 pradicationem,
976 1335 993 1377 a
1018 1317 1197 1380 christianis

224 1413 403 1474 nationibus
418 1430 475 1492 per
488 1413 706 1491 expeditiones
725 1431 838 1486 sacras,
856 1414 1048 1476 defensionis
1063 1431 1168 1477 causa.

263 1513 314 1574 lll.
342 1511 483 1574 Ecclesia
508 1512 641 1573 solerter
666 1511 831 1590 distinguit
858 1512 940 1574 inter
970 1520 1110 1574 errantes
1141 1531 1197 1574 sua

224 1611 317 1689 culpa
332 1615 363 1672 et
381 1610 458 1672 citra
473 1626 561 1670 suam
582 1611 728 1689 culpam;
751 1611 843 1672 docet
865 1611 950 1672 enirn
972 1611 1193 1672 infidelitatem

224 1724 311 1768 mere
324 1706 499 1784 negativam
517 1723 580 1767 nou
609 1723 676 1768 esse
694 1712 872 1786 peccatum.
896 1709 1041 1770 lutideles
1067 1715 1198 1770 eatenus

146 1855 148 1859 .
223 1802 458 1882 inculpabiliter
480 1802 641 1878 resistunt,
666 1810 821 1882 qrratenus
849 1810 922 1867 sunt
950 1801 983 1864 iu
1009 1805 1193 1882 bonadde;

223 1900 277 1962 ubi
291 1920 365 1963 vero
380 1902 413 1961 in
428 1901 562 1962 dubium
580 1902 773 1978 devenerint,
795 1908 943 1965 tenentur
967 1904 1132 1966 veritatem
1153 1905 1200 1966 in·

223 1999 358 2076 quirem,
377 2005 408 2061 et
424 1999 528 2060 eidem
545 1999 682 2076 cognitas
697 1999 870 2063 adbaerere.

263 2098 317 2159 lV.
336 2097 487 2171 Ecclesia,
505 2098 647 2175 quamvis
666 2098 866 2160 tolerantiam
881 2099 1094 2177 dogmaticam
1109 2117 1199 2162 aver-

224 2200 321 2268 setur,
341 2199 447 2255 tamen
474 2195 569 2257 docet
586 2195 690 2256 officia
714 2196 875 2258 chariratis
901 2197 1082 2259 infidelibus
1110 2199 1199 2260 exbi-

223 2292 412 2354 bendaesse.
423 2293 539 2353 Verum
554 2298 588 2354 ut
599 2311 617 2353 a
628 2293 1198 2375 catholicispericulumperversiobis

223 2395 393 2464 arceretur,
418 2409 476 2469 pro
502 2396 686 2469 temporum
706 2391 886 2454 diversitate
909 2395 1076 2456 coustituit
1098 2395 1197 2454 varias

223 2505 351 2574 normas
377 2489 608 2550 commercium
631 2490 862 2552 catholicorum
882 2509 955 2553 curu
970 2473 1199 2554 dissidentibus

223 2588 411 2667 regulantes.
421 2589 491 2648 ista
500 2589 593 2666 leges,
608 2588 684 2648 licet
694 2588 733 2648 ad
745 2589 869 2650 civilem
881 2607 1008 2669 quoque
1016 2591 1198 2652 convictum

224 2692 352 2748 eatenus
363 2686 473 2748 referri
486 2685 618 2766 possint,
627 2687 780 2763 quatenus
789 2687 847 2748 iste
861 2688 1198 2768 simul'cumreligione

224 2785 378 2861 cohaeret,
404 2782 581 2864 prasertim
608 2783 983 2846 commuuvbnemiosucris
1008 2785 1197 2864 respiciunt.

515 2943 529 3002 fi
543 2940 571 2994 2.
589 2967 620 2980 -·
632 2941 669 2994 lle
684 2941 861 3008 baptisandis
872 2945 916 3005 (ι).

244 3098 440 3176 ,Baptismus
452 3099 548 3161 veluti
555 3098 714 3177 januaest,
724 3099 1087 3179 quaiuchristianaevitae
1098 3099 1199 3164 socie-

223 3198 320 3255 tatem
334 3194 539 3269 ingredimur.
552 3199 612 3258 Per
624 3197 728 3276 ipsum
741 3197 825 3259 enim
836 3198 980 3260 membra
992 3198 1105 3260 Christi
1115 3204 1147 3262 ct
1157 3199 1197 3262 de

200 3325 202 3330 π
223 3293 1198 3375 eorporeEcclesiaeeldcimur(verbasuntcouciliiFlorentini).

263 3389 389 3468 Regulis
398 3392 559 3454 canonicis
568 3394 931 3466 determinaturcollatio
945 3395 1106 3474 baptismi.
1121 3395 1198 3475 Agi-

254 3565 286 3627 (1)
294 3566 416 3616 Benedicti
425 3567 479 3618 ΧΠ
487 3575 564 3618 coust.
573 3571 709 3620 Postremo.
717 3534 881 3633 -a'conzslsz,
889 3572 1058 3632 lleilleustuel‚
1070 3573 1197 3624 Scbmsls-

221 3647 338 3707 gruober,
355 3648 386 3695 ad
400 3645 439 3698 tit.
461 3660 487 3696 vr
500 3647 544 3698 lib.
568 3650 588 3698 V
609 3649 783 3702 Decretnlium.
801 3679 829 3690 -
846 3652 955 3712 Giraldi,
973 3653 1108 3716 Esporilio
1121 3654 1197 3720 juris
