2594 4286
456 299 529 346 PARS
550 300 715 348 senciens.
1040 298 1072 346 17

92 424 159 484 Deo
181 420 307 482 dicatae.
325 419 372 480 Ex
387 418 600 493 documentis,
624 435 723 496 pauca
745 419 874 479 luerunt
889 417 1073 496 hujusmodi

92 519 259 592 instituta3
285 518 366 578 ratio
386 521 432 576 est
460 516 493 576 in
519 515 704 577 conditione
723 521 914 594 temporum.
933 516 1075 578 Ecclesia

91 615 218 678 vivebat
237 615 320 676 inter
343 615 591 694 persecutiones.
619 616 712 692 Deus,
738 613 922 692 priusquam
949 619 1075 676 vocaret

91 709 244 772 homines
269 709 307 769 ad
330 707 552 783 solitudinem,
584 725 638 768 eos
660 707 784 768 vocavit
811 707 844 767 in
868 707 1023 768 mundum
1041 718 1076 768 ut

93 807 245 886 exemplo
278 807 389 867 mortis
412 809 624 885 propagarent
649 805 837 883 religionem
857 804 1073 867 christianam.

93 906 244 966 Cessante
260 903 491 983 persecutione,
509 905 592 964 Deus
608 903 769 964 suscitavit
787 904 929 964 studium
952 902 1074 981 aliquo·

92 1019 179 1078 rum,
207 1010 241 1063 ut
259 1020 318 1081 per
337 1001 459 1081 praxim
484 1001 692 1081 perfectionis
713 1002 898 1081 supplerent
922 999 1076 1080 exemplis

93 1105 284 1181 martyrum.

371 1301 394 1350 2.
410 1299 527 1350 Periodus
542 1300 600 1351 vitre
609 1298 753 1350 monastice
763 1297 805 1360 (1).

136 1467 160 1527 Ι.
173 1465 265 1528 Multi
275 1464 455 1542 hominum,
472 1471 508 1528 ut
528 1465 725 1528 declinarent
741 1466 880 1547 impetus
894 1445 1077 1545 persecuto·

95 1575 180 1634 rum,
195 1575 229 1620 se
252 1564 442 1638 receperunt
458 1560 491 1618 in
513 1560 712 1635 solitudines,
731 1565 761 1620 et
782 1559 912 1620 liberius
931 1563 1075 1620 contem-

96 1656 231 1734 plationi
246 1673 353 1718 rerum
369 1657 546 1718 divinarum
562 1674 691 1736 operam
713 1657 878 1719 dederunt.
893 1657 991 1736 Hujus
1006 1656 1076 1717 vilae

96 1756 202 1808 caeter
216 1750 275 1810 luit
288 1751 413 1825 Paulus,
430 1749 597 1810 illustrator
611 1751 777 1812 Antonius.

136 1847 288 1907 Nondum
312 1848 494 1909 coaluerant
517 1849 684 1910 societates
703 1848 881 1923 hominum,
909 1848 964 1926 qui
987 1865 1075 1908 suam

96 1944 196 2004 vitam
211 1945 250 2004 ad
265 1952 366 2007 certas
381 1946 504 2025 regulas
519 1948 764 2022 conformarent,
786 1952 817 2008 et
828 1946 952 2008 nullum
967 1945 1079 2030 condi-

96 2047 168 2103 tum
191 2047 258 2103 etat
281 2043 472 2105 coenobium.
488 2045 678 2106 Pachomius
693 2045 788 2106 vitam
803 2060 1008 2106 communem
1027 2043 1077 2103 in·

97 2138 215 2215 stituit,
231 2144 262 2200 et
283 2140 316 2199 in
340 2141 501 2204 Thebaide
526 2143 717 2204 monasteria
730 2141 917 2204 aedificanda
942 2139 1075 2202 curavit.

97 2237 190 2298 Unde
217 2238 365 2299 monachi
388 2240 479 2300 divisi
508 2247 582 2302 sunt
606 2241 639 2301 in
662 2242 738 2302 duas
762 2241 901 2302 classes:
919 2237 972 2299 alii
990 2242 1079 2299 erant

97 2333 228 2393 erescitoe
243 2351 299 2395 seu
311 2335 505 2412 anachoreta,
520 2337 573 2397 alii
598 2355 672 2399 vero
687 2336 843 2399 coeaobitoe.

140 2432 305 2493 Pachumii
320 2436 500 2512 exemplum
518 2435 589 2495 aliae
600 2436 745 2515 regiones
760 2435 791 2495 in
808 2435 934 2497 Oriente
945 2432 1078 2495 imilatae

99 2535 186 2603 sunt,
201 2547 238 2590 ac
254 2531 389 2611 denique
402 2535 433 2594 S.
447 2533 580 2594 Basilius
593 2535 803 2596 monasticum
818 2533 997 2595 institutum
1010 2549 1079 2610 per·

99 2629 190 2704 lecit,
219 2631 370 2710 deditque
398 2633 532 2711 regulas
560 2631 674 2717 quihus
700 2649 810 2694 omnes
834 2632 901 2693 fere
927 2629 1078 2693 monachi

101 2727 272 2788 orientales
289 2728 469 2790 utebantur.

140 2825 177 2884 ln
191 2825 398 2886 Occidentem
407 2827 551 2888 instituta
562 2827 791 2889 monachorum
802 2827 922 2888 detulit¹
934 2827 966 2887 S.
983 2827 1080 2888 Atha·

101 2921 218 2995 nasius,
245 2922 299 2999 qui
327 2921 444 2982 Latinis
471 2923 638 3002 proposuit
669 2925 849 3002 exemplum
874 2922 904 2982 S.
935 2922 1076 2984 Antonii.

103 3019 258 3097 Deinceps
281 3021 372 3098 plura
394 3021 586 3084 monasteria
607 3026 712 3083 erecta
732 3021 859 3082 suerunt
872 3038 891 3080 a
906 3020 938 3080 S.
956 3019 988 3081 S.
1004 3021 1081 3082 Am·

102 3115 221 3191 brosio,
240 3118 414 3193 Honorato,
431 3119 578 3180 Martino.
666 3193 670 3206 ι

143 3214 180 3274 Il.
198 3215 508 3279 Animadversiones.
523 3251 564 3262 -
581 3220 609 3278 l.
629 3215 793 3294 Praeoipua
807 3217 973 3279 monastici
988 3217 1079 3278 insti·

104 3312 162 3374 tuti
184 3313 266 3374 ratio
284 3318 360 3390 erat,
377 3320 412 3375 ut
426 3313 574 3376 monachi
587 3314 730 3375 animum
744 3313 784 3374 ad
804 3313 910 3378 divina
932 3313 1081 3377 intende·

134 3499 166 3559 (1)
189 3499 218 3548 S.
236 3496 427 3561 Hieronymus„
444 3499 491 3561 llp.
513 3497 548 3546 ud
563 3498 731 3550 Eustochium.
746 3523 777 3535 —
796 3499 953 3564 Thomassin,
973 3498 1047 3548 Vetus
1058 3501 1083 3548 et

104 3577 172 3626 Novo
186 3576 310 3628 Ecclesiae
319 3577 465 3641 disciplina,
477 3593 536 3642 pars
546 3579 566 3638 l,
579 3579 623 3631 lib.
636 3577 680 3630 Ill.
693 3605 725 3618 -
738 3577 835 3642 Deroti,
848 3579 1023 3629 institutiones
1043 3591 1082 3628 cc·

105 3657 206 3718 aonicoe,
220 3657 264 3706 lib.
281 3656 302 3718 l,
312 3658 352 3706 tit.
371 3671 403 3708 ut.
