2604 4264
444 265 517 313 PARS
544 267 708 314 eracleus.
1012 267 1065 318 107

86 382 1068 463 marumEcclesiammpalriarchalium,uampehateranensis,

87 477 254 556 Vaticana,
277 480 385 544 Sancti
405 480 506 556 Pauli,
529 481 654 544 Sanctae
669 480 777 544 Mariae
791 480 928 560 Majoris,
954 479 1070 562 qhihus

64 582 336 657 representatur
377 580 476 642 Sedes
516 581 668 656 Romana,
711 578 1068 659 constantinopolitana,

88 677 316 752 Alexandrina,
334 677 546 740 Antiochena.
864 743 866 749 ,

133 776 215 837 Sunt
235 775 353 853 plures,
381 779 451 838 tum
473 779 596 850 Roma,
618 781 688 839 tum
707 775 741 837 in
759 773 852 842 variis
873 775 1070 858 regionihuS,

94 869 243 934 hasilicae
256 872 408 948 minores,
424 891 500 954 quas
515 877 553 938 R.
569 873 717 936 Pontifex
727 873 790 937 hoo
802 875 897 937 titulo
910 873 1074 954 etprivile·

4 1051 5 1058 ἵ
93 969 158 1052 giis
171 969 333 1036 honestari
347 971 457 1036 voluit.

136 1073 169 1133 2.
185 1070 317 1132 Ratione
327 1078 482 1145 rectorum,
494 1069 547 1150 qui
558 1073 709 1148 praesunt,
723 1068 929 1150 distinguitur
941 1070 1077 1136 ecclesia

93 1167 322 1250 patriarchalis,
331 1167 526 1250 primatialis,
539 1168 775 1250 metropolitana,
789 1168 974 1232 cathedralia.

140 1265 175 1328 3.
193 1267 326 1328 Ratione
339 1265 524 1346 functionum
541 1284 612 1344 quae
638 1265 732 1326 ineis
752 1264 919 1343 obeuntur,
937 1265 1078 1330 ecelesiae

98 1369 176 1426 sunt
195 1362 365 1445 rollepiatoe,
390 1363 599 1444 parochiales,
626 1363 771 1428 ecelesiae
797 1364 1003 1445 regularium,
1029 1366 1080 1428 vel

98 1461 410 1524 confraternitatum.

143 1563 175 1620 4.
192 1559 330 1620 Ecclesia
344 1571 441 1622 morer
454 1576 509 1622 seu
523 1558 637 1620 matria
650 1559 745 1639 lixam
764 1559 929 1621 notionem
946 1575 1012 1621 non
1025 1559 1082 1620 ha-

100 1657 175 1720 het.
193 1659 282 1720 Nunc
298 1660 428 1722 denotat
445 1675 547 1720 eama
567 1675 629 1736 qua
650 1656 792 1720 ecolesiae
810 1657 880 1720 aliae
899 1662 1081 1737 propagatae

101 1760 194 1830 sunt;
209 1773 295 1817 nunc
306 1757 523 1819 cathedralem
538 1756 589 1818 cui
607 1761 813 1835 opponuntur
827 1755 991 1818 inleriores
1005 1754 1081 1818 titu-

99 1852 139 1928 li3
154 1871 239 1915 nune
252 1853 495 1916 ecclesiamaliis
507 1852 686 1934 digniorem
696 1854 729 1913 in
742 1853 880 1932 oppido;
894 1871 978 1915 nuno
994 1851 1085 1915 deni·
1124 1917 1126 1920 .

98 1969 166 2030 que
177 1951 395 2030 parochialem
408 1955 506 2016 relate
516 1955 555 2016 ad
569 1953 719 2016 ecclesias
729 1953 840 2014 filiales
853 1950 959 2014 eidem
968 1951 1083 2014 unitas.

143 2053 173 2111 5.
190 2051 343 2113 Prmvalet
357 2067 431 2114 usus
447 2049 663 2129 distinguendi
678 2049 809 2114 ecolesma
814 2049 938 2132 proprie
949 2048 1039 2110 dator
1053 2055 1086 2110 et

105 2147 250 2210 oratorio.

145 2294 269 2360 Qunsuo
283 2296 308 2350 l.
324 2295 364 2351 oe
378 2291 505 2352 ecclesiis
518 2296 634 2369 propria
648 2295 741 2354 dictis.

145 2383 270 2449 Quaene
283 2387 312 2442 2.
326 2383 365 2442 ho
379 2383 521 2445 oratoriis.

282 2577 410 2638 nomano
424 2581 457 2630 1¹.
471 2603 502 2618 -··
516 2578 552 2630 ha
564 2589 684 2630 recusus
695 2587 801 2629 raorarr
816 2587 906 2627 oraria.

147 2730 169 2791 1.
213 2731 321 2790 Earum
335 2722 484 2794 aedificatio
497 2738 526 2794 et
537 2734 694 2810 reparatio.

149 2822 185 2877 ll.
212 2823 408 2880 consecratio.

154 2911 199 2968 lll.
213 2913 396 2969 immunitas.

154 3001 197 3056 lV.
213 2999 431 3062 Reconciliatio.

321 3207 340 3258 1.
353 3233 379 3246 -
395 3204 561 3258 Eoeloaiarum
572 3203 703 3256 edificatio
717 3209 745 3256 at
761 3203 895 3270 reparatio.

430 3371 453 3419 l.
465 3369 501 3420 Da
514 3365 626 3421 ecclesiia
638 3363 799 3418 aedificandis.

69 3553 73 3560 ·
162 3523 210 3592 Ad
228 3522 430 3588 aediflcaudas
448 3543 542 3588 notus
562 3523 721 3602 ecclesias,
740 3523 877 3586 maxime
890 3521 1099 3604 parochiales,

126 3617 299 3694 requiritur
316 3637 323 3680 :
