2604 4264
211 325 260 373 128
388 322 546 371 nxrcslrm
568 321 745 368 unrnomca
765 321 847 368 rums
871 323 1025 368 carlorum.

208 443 288 506 loeis
306 441 461 522 religiosis
483 439 639 521 possessio
661 438 849 512 vindicatur,
874 444 907 502 et
929 440 1014 502 hona
1027 439 1200 502 ecclesias·
1294 483 1295 538 q

208 539 272 603 tica
286 541 434 603 dicuntur
451 558 497 601 res
514 538 554 600 od
566 537 695 598 ecclesius
702 536 891 617 pertinentes

248 639 325 699 Inde
350 637 520 716 colligitur,
541 635 664 714 singula
684 632 829 698 instituta
851 639 1004 713 tanquam
1032 652 1191 713 personas

207 735 287 818 Juris
303 752 434 814 capaces
453 729 658 806 considerari,
675 729 775 809 iisque
796 736 915 794 certam
934 732 1094 794 honorum
1117 731 1193 793 sub·
1294 733 1295 766 ³

209 833 359 897 stantiam
371 831 455 894 velut
470 829 650 892 dominium
663 828 805 892 attribui.

249 933 305 993 lv.
317 928 391 991 Haec
405 925 582 1007 proprietas
595 924 725 1004 singulis
735 925 886 987 institutis
901 927 1054 989 attributa
1064 943 1128 988 non
1143 931 1192 987 est
1294 929 1295 990 ᾗ

209 1026 379 1107 illimitata‚
390 1027 446 1087 sed
462 1025 551 1104 quasi
563 1022 660 1086 divisa
669 1023 753 1084 inter
766 1024 922 1089 Ecclesias
936 1023 1142 1102 particulares
1157 1031 1191 1086 et

211 1125 374 1188 Ecclesiam
389 1124 592 1186 anioosolem.
610 1123 702 1184 Ratio
724 1128 781 1197 est,
797 1121 871 1202 quia
883 1123 1034 1184 Ecclesiae
1049 1123 1188 1200 particu-

209 1225 290 1286 lares
315 1222 353 1283 ah
377 1223 519 1284 Ecclesia
536 1219 704 1281 universali
719 1220 881 1298 pendent;
909 1219 1043 1298 proinde
1061 1219 1188 1282 illarum

209 1320 295 1382 bona
322 1317 535 1397 subjiciuntur
558 1316 701 1378 dominio
715 1316 881 1377 universali
903 1317 1001 1378 totius
1025 1318 1187 1380 Ecclesiae.

249 1417 340 1480 Unde
354 1415 414 1476 ista
427 1415 540 1476 relatio
556 1419 643 1475 recte
657 1414 702 1474 sic
716 1414 852 1491 exprimi
867 1401 971 1493 potest
989 1435 996 1475 :
1011 1415 1189 1494 subJectum

208 1514 430 1576 immediatum
460 1517 491 1573 et
528 1511 711 1590 proximum
742 1511 877 1572 dominii
907 1513 1113 1575 ecclesiastici
1145 1520 1192 1575 est

210 1611 392 1672 institutum
402 1609 513 1683 locale,
526 1608 706 1688 subjectum
717 1625 791 1670 vero
800 1613 1004 1671 remotumet
1015 1610 1190 1672 mediatum

210 1710 258 1769 est
271 1707 414 1768 Ecclesia
437 1705 603 1786 generalis,
621 1723 692 1784 quae
713 1705 875 1768 mediante
898 1707 959 1767 isto
983 1706 1130 1769 instituto
1155 1723 1190 1768 ea

209 1803 295 1867 bona
308 1803 464 1881 possidet.

249 1903 286 1963 V.
310 1902 459 1962 Summus
482 1899 629 1961 Pontifex
646 1906 776 1962 nonest
793 1901 940 1962 dominus
955 1901 1115 1962 bonorum
1131 1903 1190 1964 Ec-

209 1999 327 2074 clesiae,
345 1999 400 2060 sed
416 2015 563 2077 suprema
576 1998 705 2058 illorum
716 1997 949 2060 administratio
963 2000 1002 2059 ad
1015 2015 1089 2060 eum
1104 1994 1189 2078 spec

212 2099 266 2158 tat.
289 2097 502 2158 confirmatur
516 2113 554 2156 ex
566 2094 670 2156 verbis
685 2095 733 2155 Pii
751 2097 813 2156 lX:
833 2117 847 2153 a
862 2097 937 2157 lura
957 2097 1084 2158 Sanctae
1100 2097 1188 2159 Sedis

208 2192 248 2252 ad
262 2209 371 2254 omnes
386 2195 559 2255 catholicos
571 2193 733 2272 pertinent
744 2191 796 2272 (l),
811 2213 826 2252 a

608 2433 737 2496 CAPUT
758 2434 786 2494 II
872 2481 876 2492 .

235 2665 237 2670 ,
287 2613 335 2662 lle
349 2617 506 2664 bonorum
524 2617 821 2669 ecclesiastieorum
838 2595 1110 2667 inviolabilitate.

246 2783 271 2846 l.
290 2782 468 2846 violatores
476 2784 609 2846 dominii
617 2785 824 2848 ecclesiastici
833 2785 1009 2867 injustitiam
1018 2785 1189 2862 admittant,

208 2886 237 2940 et
258 2887 391 2941 tenentur
405 2880 445 2941 od
461 2881 682 2944 restitutionem,
710 2883 837 2944 Etenim
851 2887 920 2944 tum
936 2900 973 2944 ex
986 2884 1057 2962 jure
1080 2883 1192 2962 acqui-

209 2975 300 3035 rendi
312 2981 343 3037 et
357 2976 552 3054 possidendi,
563 2983 631 3038 tum
643 2995 681 3040 ex
691 2978 760 3056 ipsa
772 2977 996 3056 acquisitione,
1007 2976 1192 3048 dominium

208 3073 336 3150 proprie
348 3075 470 3141 dictum
484 3075 635 3137 Ecclesiae
647 3075 812 3154 competit.
826 3075 924 3153 Atqui
939 3092 988 3136 res
1002 3075 1034 3134 in
1047 3075 1191 3136 dominio
1294 3113 1295 3122 2

207 3166 340 3246 alicujus
360 3173 462 3248 posita
483 3189 549 3235 non
573 3179 678 3252 potest
698 3172 797 3234 invito
821 3173 953 3234 domino
969 3173 1108 3234 detineri
1124 3173 1192 3233 sine

207 3262 375 3340 injustitia,
393 3274 423 3330 et
435 3269 495 3330 ista
508 3270 637 3333 violatio
646 3271 725 3349 juris
741 3270 835 3332 alieni
851 3272 1003 3348 perdurat
1018 3272 1124 3332 donec
1142 3287 1192 3332 res

207 3361 339 3423 domino
358 3366 503 3428 restituta
517 3369 622 3430 luerit.
638 3370 720 3446 Ergo
733 3369 884 3429 violantes
895 3368 1073 3430 dominium
1084 3369 1191 3430 eccle·

206 3458 368 3520 siasticum
382 3451 490 3524 debito
502 3465 714 3528 restitutionis
729 3465 904 3544 subjacent.

237 3645 269 3708 (ll
284 3642 323 3694 Pii
334 3643 369 3694 lx
385 3646 516 3708 Encp'cliea
531 3647 621 3698 Nullis
631 3651 697 3700 certa
709 3647 802 3712 verbis,
817 3649 955 3710 rejanum.
968 3653 1037 3700 1860.
