2594 4286
216 281 249 328 tt
381 284 537 332 axrostrto
557 286 733 332 nuruoolca
755 287 837 333 JURIS
860 289 1016 338 canotum.

568 509 789 567 ARTIGULUS
807 512 835 566 ΙΙ

405 688 483 726 RATIO
501 689 533 727 ET
552 690 674 728 HISTORIA
693 692 846 731 VARIETATIS
864 693 994 734 onomata.

250 851 265 912 5
279 851 304 903 Ι.
320 849 402 904 Ratio
416 848 563 905 varietatis
575 849 728 906 OrdInum.

250 939 306 1003 §2
322 937 435 993 Periodi
451 939 516 994 vitae
530 937 682 1008 religiosae.

423 1136 475 1200 §b
493 1165 521 1176 -
537 1137 615 1191 ltatio
629 1139 778 1192 varietatis
791 1139 922 1224 ordinum
932 1137 978 1204 (ι).

250 1307 274 1368 Ι.
296 1305 465 1368 lindicntnr
478 1307 557 1368 illins
571 1311 705 1390 oeqnitcs.
720 1342 760 1356 —
773 1311 834 1372 Ista
849 1310 989 1386 varietas¹
1000 1309 1060 1371 luit
1072 1327 1192 1370 conve-

213 1403 302 1466 niens
312 1408 351 1468 ad
366 1408 516 1468 decorem
539 1412 570 1469 et
588 1409 759 1469 utilitatem
772 1409 934 1484 Ecclesiae,
951 1408 1116 1487 majusque
1131 1407 1191 1469 Dei

214 1502 415 1582 obsequium.
896 1494 898 1498 ’
1058 1559 1060 1566 .

254 1604 281 1663 l.
299 1602 348 1663 Ad
362 1602 492 1664 decorem
517 1603 670 1680 Ecclesiae,
689 1622 759 1682 quae
774 1604 895 1665 incedit
910 1610 1061 1686 tanquam
1080 1603 1193 1684 regina

213 1699 394 1760 circnmdotn
409 1701 551 1762 varietate
566 1702 731 1764 ordinum.

252 1800 280 1858 2.
298 1795 350 1857 Ad
368 1797 525 1858 utilitatem
542 1798 680 1859 Ecclesiae
688 1817 701 1875 ,·
720 1799 847 1860 attentis
872 1799 1003 1860 diversis
1020 1799 1192 1861 homiuum

212 1896 472 1973 temperamentis
488 1903 519 1958 et
538 1896 814 1975 propensionibus,
841 1898 880 1957 ad
895 1897 1126 1976 perfectionem
1142 1915 1195 1958 ac-

214 1992 401 2070 quirendam
431 2010 496 2054 non
521 1995 668 2056 convenit
692 2012 754 2055 una
778 1995 926 2056 omnibus
962 1994 1085 2074 religio.
1127 1995 1192 2057 Alii

214 2088 299 2150 enim
316 2089 647 2167 solitudinemamant,
660 2092 712 2153 alii
722 2092 819 2154 vitam
834 2093 985 2154 socialem
999 2113 1007 2167 ;
1022 2093 1070 2154 his
1084 2091 1192 2172 placet

213 2185 276 2247 vita
293 2188 403 2263 activa,
420 2189 482 2249 illis
498 2191 759 2270 contemplativa3
776 2191 829 2251 alii
848 2196 920 2251 sunt
932 2191 998 2269 apti
1012 2192 1050 2251 ad
1067 2173 1193 2252 iabores

214 2286 367 2363 corporis,
383 2287 437 2348 alii
458 2288 497 2349 ad
520 2290 625 2350 studia
645 2294 678 2350 et
698 2289 874 2368 spiritualia
891 2289 1051 2352 exercitia.
1068 2290 1109 2351 Ut
1125 2305 1192 2349 orn-

213 2383 305 2444 nium
320 2386 412 2447 saluti
428 2388 620 2461 consulatur,
635 2388 723 2466 juvat
738 2389 892 2449 Ordinum
906 2386 1048 2448 varietas.

254 2481 286 2541 3ο
301 2481 351 2542 Ad
371 2483 468 2564 majus
488 2483 545 2544 Dei
570 2484 758 2565 obsequium·
772 2483 919 2546 omnibus
935 2482 1073 2543 caritatis
1086 2481 1194 2560 operi-

215 2577 285 2653 bus,
317 2581 464 2642 omnibus
479 2581 591 2644 officiis
605 2582 820 2662 spiritualibus
835 2599 900 2643 non
914 2571 1031 2641 sufficit
1043 2597 1104 2640 una
1120 2579 1196 2639 reli-

214 2676 277 2751 gia.
300 2671 390 2738 Unde
409 2679 452 2739 ait
476 2680 644 2758 Gregorius
667 2681 761 2740 XIII:
788 2678 851 2738 Pro
870 2686 1034 2758 temporum
1052 2677 1196 2737 varietate

212 2773 341 2854 procidit
355 2774 433 2835 Dens
442 2776 540 2836 corios
554 2771 715 2856 reliqionec,
733 2784 826 2857 pront
839 2776 997 2836 occasiones
1010 2775 1057 2835 vel
1073 2775 1195 2836 necessi-

216 2878 290 2931 tates
304 2882 465 2952 tempornm
472 2873 670 2952 postulabant.

254 2969 292 3029 II.
315 2969 472 3051 ¹Principio
484 2971 676 3033 destinationis
690 2969 845 3033 Ordinem.
860 3005 898 3018 —-
916 2973 1032 3034 Omnes
1056 2973 1193 3034 Ordines

216 3067 408 3129 conveniunt
418 3069 451 3128 in
465 3071 527 3131 fine
543 3071 701 3133 essentiali
727 3069 799 3131 etin
813 3070 927 3131 mediis
949 3069 1191 3150 principalibus,

217 3163 338 3225 scilicet
359 3165 392 3224 in
414 3169 494 3228 votis
520 3167 635 3247 quibus
654 3167 693 3228 ad
713 3167 943 3244 perlectionem
957 3167 1097 3229 caritatis
1123 3173 1194 3228 ten-

217 3260 307 3321 dunt.
325 3263 393 3323 Duo
410 3268 482 3325 s'unt
508 3265 665 3345 principia
691 3265 850 3326 varietatis
873 3265 1039 3340 ordinum,
1068 3265 1193 3330 scilicet

218 3357 289 3418 finis
304 3346 452 3438 proprius
467 3365 498 3422 et
511 3363 673 3424 diversitas
691 3363 818 3441 regulae.

248 3544 283 3605 tt)
299 3545 429 3607 Zallinger,
441 3545 486 3594 Ine
496 3545 701 3610 ecclesiasticam,
711 3547 756 3598 lib.
771 3547 815 3611 Ill,
830 3547 870 3597 att.
886 3549 925 3598 at.
940 3571 970 3584 -
980 3547 1078 3610 Devoli,
1090 3547 1193 3598 Institu-

214 3627 310 3678 tionum
321 3627 497 3676 cnnom'cornm
507 3626 550 3676 lib.
566 3624 585 3688 Ι,
601 3626 641 3676 tit.
656 3629 682 3678 9.
