2594 4286
463 288 536 335 PARS
558 287 722 336 saecutus·
1045 285 1078 335 tl

17 423 21 430 ·
91 405 258 469 defunctis
279 424 287 468 :
308 407 378 486 ipsa
404 406 456 492 die
480 406 596 483 obitus,
625 424 758 487 corpore
785 411 959 486 praesent03
985 408 1079 470 tertia

91 510 173 582 post
185 504 311 566 obitum
328 504 391 580 die,
412 503 487 583 quia
508 504 662 566 Dominus
681 505 774 567 tertia
785 511 858 583 post
875 511 1011 567 mortem
1027 504 1078 566 die

91 593 292 674 resurrexit}
307 602 358 663 die
373 602 516 680 septima,
534 603 608 681 quia
625 605 707 664 Deus
731 602 790 662 bac
806 602 857 663 die
873 603 913 665 ab
929 603 1078 682 operibus

93 700 164 760 suis
175 699 347 779 requievit3
364 700 416 761 die
438 699 610 777 trigesima,
625 705 757 779 propter
772 702 914 786 elapsum
938 717 1079 763 mensem

92 814 113 857 a
129 797 186 858 die
203 797 324 872 obitns;
348 798 399 859 die
414 797 626 859 anniversario
642 803 773 877 propter
788 798 930 877 elapsam
945 815 1076 860 annum.

135 896 177 956 11.
197 893 335 976 Officium
345 893 558 976 defunctorum.
574 930 612 940 -
626 897 695 956 Non
713 893 779 956 sine
793 912 887 957 causa
907 904 1007 958 mater
1022 896 1079 956 Eo·

92 991 199 1054 clesia
216 992 351 1071 speciale
373 1010 431 1071 pro
456 991 614 1053 defunctis
638 992 780 1054 osticium
802 992 947 1055 instituit.
964 994 1080 1054 Omnes

93 1089 184 1150 lilios
199 1089 266 1168 pari
287 1091 501 1168 complectens
523 1107 642 1163 amore,
659 1096 829 1169 postquam
851 1092 907 1153 Dei
928 1091 1081 1154 beneficia

96 1206 177 1267 erga
191 1187 329 1250 viventes
341 1188 455 1250 debitis
466 1187 640 1268 gratiarum
649 1187 829 1249 actionibus
838 1195 1007 1268 prosecuta
1020 1195 1078 1265 est,

96 1286 327 1348 misericordes
353 1288 462 1349 oculos
488 1289 527 1348 ad
557 1288 723 1349 defunctos
749 1293 947 1363 convertens,
971 1304 1081 1350 eorum

98 1385 234 1464 spiritus
249 1392 367 1447 aeterno
389 1371 545 1465 Regnent
561 1385 667 1447 omnia
682 1385 798 1458 vivunt,
815 1385 929 1447 devota
952 1401 1082 1464 precum

97 1483 304 1544 solemnitate
321 1484 536 1545 commendat.
553 1485 594 1546 Ut
611 1483 679 1543 istm
690 1483 816 1556 animae,
836 1483 991 1562 suffragiis
1012 1489 1082 1544 nos·

96 1581 162 1644 tris
177 1581 305 1660 adJutae‚
325 1583 363 1642 ad
387 1598 557 1661 supernam
578 1580 809 1642 beatitudinem
828 1580 1016 1658 quantocius
1031 1579 1081 1640 in-

97 1679 325 1751 troducantur,
342 1679 426 1741 inter
443 1696 553 1758 preces
567 1679 720 1758 plurimas
730 1679 870 1740 Ecclesia
895 1677 1012 1740 invexit
1027 1677 1083 1738 de-

99 1779 288 1840 functorum
303 1777 456 1852 osticium,
486 1775 574 1854 cujas
598 1775 831 1838 institutionem
853 1773 1082 1855 antiquissimis

99 1875 305 1954 temporibus
319 1873 514 1938 adscribunt.

145 1974 268 2038 Verum
279 1974 355 2036 licet
369 1974 567 2036 consuetudo
585 1993 643 2053 pro
659 1973 817 2037 defunctis
841 1971 991 2035 exorandi
1006 1991 1083 2053 apo·

103 2073 257 2136 stolidam
271 2091 370 2153 usque
384 2079 535 2154 agnoscat
553 2073 793 2148 institutionem,
811 2077 914 2132 tanuen
926 2071 1084 2133 incertum

107 2180 157 2237 est
183 2173 385 2252 quandonam
412 2171 737 2250 compositumluerit
765 2170 988 2233 detunctorum
1013 2172 1085 2232 olli-

106 2272 207 2344 cium,
224 2273 315 2352 quale
328 2287 410 2332 nunc
424 2271 583 2333 recitatur.
601 2272 697 2332 Suam
711 2269 799 2330 ducit
811 2267 966 2348 originem
980 2284 998 2328 a
1011 2286 1085 2331 noc·

105 2369 211 2431 turnis
226 2369 353 2449 vigiliis,
364 2386 435 2448 quae
448 2369 531 2448 apud
544 2369 767 2430 detunctorum
781 2383 914 2444 corpora
929 2367 962 2427 in
980 2368 1085 2429 eccle·

109 2469 166 2530 siis
186 2469 328 2547 exposita
351 2468 541 2540 aldelmus,
562 2468 683 2529 orando
706 2471 738 2528 et
752 2466 929 2545 psallendo,
953 2464 1082 2528 flebant.

150 2565 203 2627 111.
220 2564 325 2626 Altore
329 2564 563 2651 privileqr'otum
569 2569 599 2624 et
611 2561 801 2643 tadulqeota'oe
810 2580 866 2642 pro
874 2560 1023 2641 defunctis.

151 2668 181 2725 l.
204 2666 263 2724 Per
287 2661 517 2742 indulgentiam
536 2661 626 2722 altari
646 2659 844 2739 privilegiato
864 2675 1030 2732 annexam,
1058 2655 1085 2717 si

111 2766 274 2842 spectetur
291 2778 380 2823 mens
395 2759 599 2822 concedentis
615 2764 646 2821 et
669 2777 742 2820 usus
757 2757 922 2837 potestatis
938 2755 1084 2832 clavium,

110 2859 318 2939 intelligenda
335 2862 382 2919 est
395 2857 590 2942 indulgentia
613 2855 756 2934 plenaria
775 2872 846 2935 quaa
871 2853 1011 2914 animam
1025 2856 1088 2914 sta-

114 2957 174 3019 tim
192 2957 307 3018 liberat
319 2955 358 3017 ab
373 2955 520 3016 omnibus
534 2953 709 3034 Purgatorii
726 2954 848 3030 poenis3
865 2952 888 3010 si
906 2965 980 3011 vero
995 2965 1084 3028 spec-

112 3061 199 3120 tetur
219 3055 438 3135 applicationis
462 3055 601 3128 ellectus,
631 3049 837 3128 intelligenda
857 3053 904 3110 est
925 3046 1090 3128 indulgen·
1160 3077 1161 3080 ¹

113 3155 169 3228 tia,
186 3154 275 3233 cujus
292 3170 437 3215 mensura
464 3151 578 3212 divinae
594 3147 823 3212 misericordiae
840 3145 1042 3224 beneplacito
1057 3151 1088 3210 et

69 3263 71 3266 ’
113 3251 325 3331 acceptationi
339 3252 511 3330 respondet
525 3249 577 3331 (l).

154 3355 183 3413 2.
202 3349 343 3412 Ecclesia
357 3350 390 3410 in
418 3350 549 3429 gratiam
563 3352 764 3410 mortuorum
780 3344 996 3425 indulgentias
1011 3361 1088 3407 con·

112 3451 212 3528 cedit,
232 3449 368 3527 sednon
386 3449 499 3510 eodem
517 3447 693 3525 modoque
716 3444 892 3508 viventibus
911 3443 1093 3507 concedun·
1145 3463 1149 3469 ·

145 3651 180 3712 (1)
199 3647 225 3697 S.
240 3644 412 3707 Congregaaio,
428 3647 458 3694 28
467 3643 524 3705 lulli
537 3646 606 3694 teto.
683 3713 686 3733 ‚
