2604 4264
457 317 531 364 PARS
553 319 715 370 scutiolis.
1026 327 1076 375 lla

90 438 153 512 nis,
164 438 215 498 vel
230 453 269 498 ex
280 433 522 510 consuetudine,
538 437 586 498 vel
602 454 638 498 ex
652 439 816 520 privilegio
828 443 951 504 Summi
963 444 1075 506 Ponti-

91 533 175 597 ficis.
199 536 233 598 Si
249 533 414 598 'beneficia
432 533 590 594 manualia
605 536 727 598 clericis
743 540 945 602 sacularibus
961 542 1074 603 collata

90 634 215 696 fuerint
238 633 278 696 ad
298 639 424 712 tempus
443 631 736 710 indeterminatum,
757 637 888 699 honeste
906 656 971 699 non
989 657 1076 700 revo-

90 736 209 794 cantur
223 732 293 792 sine
307 731 394 809 justa
414 746 520 806 cansa,
537 747 611 790 nam
627 734 787 796 revocatio
805 735 872 797 sine
890 753 983 799 causa
1002 754 1075 800 cen-

89 832 184 890 setur
197 826 425 889 irrationabilis
442 825 494 906 (l).
516 853 517 856 ¹

188 1049 190 1057 ⁴
255 1037 270 1100 ᾖ
288 1037 313 1088 2.
329 1063 360 1074 -
375 1035 485 1088 Erectio
506 1039 536 1088 ot
555 1034 700 1088 innovatio
714 1038 920 1093 beneficiorum.

129 1192 255 1256 Qonsno
273 1193 298 1245 l.
314 1191 353 1244 lie
365 1189 577 1245 beneficiorum
592 1190 754 1247 erectione.

132 1280 258 1344 Qonsno
273 1281 299 1334 2.
315 1279 355 1334 lie
368 1277 578 1334 beneficiorum
592 1277 791 1336 innovatione.

289 1477 400 1536 Qonsvvo
412 1482 443 1526 l·.
462 1501 490 1514 -
502 1476 538 1525 Da
552 1490 688 1527 anrcrvornr
702 1492 891 1530 ornvvrovonun.

138 1627 267 1690 Erectio
282 1628 427 1692 beneficii
442 1635 489 1692 est
504 1635 593 1692 actus
604 1630 775 1710 legitimus,
794 1648 857 1709 quo
872 1631 992 1692 reditus
1019 1649 1077 1692 an-

92 1728 153 1788 nui
181 1727 415 1790 constituuntur
440 1729 557 1790 clerico
580 1733 711 1808 propter
734 1729 875 1789 officium
903 1728 1074 1806 spirituale.

93 1825 194 1889 Multa
208 1825 415 1903 requiruntur
431 1827 469 1886 ad
486 1842 555 1887 carn
569 1825 629 1886 rite
643 1825 883 1904 perficiendam.

134 1923 160 1983 l.
179 1923 366 2000 Requiritur
379 1922 438 2002 lapi
441 1922 512 1983 tirno
525 1921 692 2002 Superioris
705 1921 888 1982 ecclesiastici
899 1924 1077 2000 anctoritos;

95 2019 130 2078 id
149 2035 188 2078 ex
202 2003 332 2080 notione
349 2019 495 2080 beneficii
512 2019 684 2097 colligitur.
701 2021 845 2079 Romano
864 2020 1010 2080 Pontifici
1028 2037 1076 2082 re·

96 2115 1076 2197 servataesterectiomajorumbeneficiorum3adEpiscopum
1172 2179 1185 2196 ,

96 2216 223 2292 spectat
236 2213 352 2274 erectio
366 2213 596 2275 beneficiorum
612 2215 785 2275 minorum.

137 2311 176 2373 ΙΙ.
195 2310 378 2388 Requiritur
401 2310 515 2386 titulus,
540 2311 630 2390 cujus
651 2311 781 2372 nomina
801 2311 996 2389 significatur
1012 2331 1077 2375 non

95 2407 201 2469 solum
217 2406 353 2468 ecclesia
368 2407 477 2486 inqua
491 2407 683 2471 heneficium
702 2411 844 2490 erigitur,
862 2413 1077 2474 verumetiam

95 2505 205 2584 ipsum
217 2505 360 2566 officium
376 2505 540 2583 spirituale
555 2508 640 2585 quod
659 2508 692 2567 in
705 2526 741 2570 ca
755 2508 975 2572 beneficiarius
987 2511 1075 2574 obire

95 2601 214 2676 dehct3
232 2603 337 2663 cultus
353 2602 440 2664 enim
454 2603 577 2665 divinus
591 2609 637 2667 est
650 2604 880 2669 beneficiorum
894 2609 976 2668 finis.

134 2701 192 2763 111.
218 2700 404 2778 Requiritur
424 2702 588 2764 constitutio
607 2683 692 2780 dotis}
713 2723 776 2784 quo
799 2705 929 2766 nominc
949 2703 1079 2765 veniunt

96 2794 181 2858 hona
195 2804 293 2873 certa,
310 2798 435 2860 stabilia
449 2805 480 2861 ct
492 2801 653 2881 frugifera,
666 2819 704 2863 ex
717 2801 831 2880 quibus
846 2805 950 2862 rector
962 2799 1077 2884 benefi-

97 2893 139 2954 cii
149 2911 269 2955 annuos
286 2895 406 2956 reditus
420 2897 585 2977 percipiat.
1003 2969 1008 2982 p

137 2988 191 3053 iv.
206 2991 296 3070 Lepas
309 2991 490 3071 fundationis
503 2995 767 3056 determinantur.
783 2992 908 3055 Etenim
921 2992 1079 3053 fundatori

95 3085 236 3149 liberum
257 3092 304 3148 cst
322 3093 466 3152 statuere
479 3091 679 3152 conditiones
694 3109 712 3150 a
729 3089 917 3150 beneficiato
932 3087 1078 3168 religiose

97 3181 329 3248 observandas.
384 3226 387 3232 ι

136 3283 174 3344 V.
195 3282 245 3342 Ad
261 3281 376 3342 modurn
388 3282 538 3343 erectionis
556 3284 642 3362 quod
658 3283 781 3357 attinet,
799 3283 975 3363 Episcopus
989 3284 1077 3346 audit

97 3395 298 3458 eosquorum
308 3380 586 3459 interesscpotcst,
597 3379 796 3458 conditiones
807 3381 972 3461 approbat,
982 3387 1014 3443 et
1021 3398 1078 3460 per

54 3471 57 3476 ’
94 3481 302 3539 contractum
327 3477 557 3557 obligatorium
574 3495 614 3539 ex
630 3483 764 3562 utraque
782 3484 872 3556 parte
887 3479 1079 3542 heneficium

128 3647 165 3710 (l)
177 3646 399 3710 Sohmalzgrueber
415 3657 441 3698 et
454 3651 576 3712 Moscha,
588 3650 630 3700 lib.
643 3649 685 3711 lll,
701 3651 739 3702 tit.
755 3651 788 3700 de
801 3651 953 3702 Probendr's.
