2594 4286
435 205 509 252 PARS
530 205 694 254 salamnus.
1014 203 1043 252 tl

76 322 171 388 ritate
186 330 347 404 pastorum
353 321 517 386 instituta.
530 322 632 386 Variis
646 322 772 387 indiciis
783 341 817 388 se
827 324 1046 388 manifestant:

120 426 147 485 l.
164 420 407 487 confraternitas
420 426 468 483 est
484 420 618 484 societas
636 420 669 482 in
689 422 840 501 parocbia
861 422 1047 498 subsistens,

76 521 128 582 vel
139 538 195 600 per
207 521 315 600 plures
329 519 495 601 parochias
507 518 631 581 diffusa.

121 618 399 681 2.lnterventione
407 615 605 692 auctoritatis
616 617 839 682 ecclesiasticae
849 617 1052 683 constituitur

74 719 111 777 et
127 715 330 795 approbatur.

117 814 148 874 3.
164 814 212 874 Ad
232 815 329 876 flnem
352 812 521 892 specialem
549 811 707 890 dirigitur,
735 813 887 876 nimirum
905 813 946 874 ad
965 816 1052 876 certa

74 927 175 990 opera
184 911 312 990 pietatis
321 928 396 990 erga
408 909 683 985 Deum‚veletiam
692 911 855 975 charitatis
865 927 939 992 erga
948 909 1053 990 prori-

75 1025 179 1069 mum.

116 1111 149 1168 d.
165 1107 228 1169 Sua
248 1105 376 1186 pietatis
390 1104 542 1168 exercitia
562 1103 621 1166 suh
642 1103 736 1168 titulo
758 1107 891 1187 alicujus
911 1104 1053 1186 mysterii

74 1205 126 1266 vel
142 1201 249 1266 Sancti
263 1204 437 1284 exequitur.

117 1305 149 1364 5.
165 1303 263 1364 Suam
278 1301 375 1364 babet
397 1301 577 1377 ecclesiam,
595 1301 628 1362 in
647 1319 709 1381 qua
727 1301 806 1365 socii
825 1300 915 1364 statis
929 1298 1071 1376 diebus,·

76 1399 206 1480 pietatis
221 1417 326 1478 causa,
342 1400 545 1462 conveniunt.
1029 1469 1031 1474 ¹

117 1500 156 1559 ll.
178 1497 292 1559 Normo
314 1497 447 1578 erigendi
467 1499 741 1562 confraternitates
764 1515 783 1560 a
803 1497 965 1562 Clemente
985 1497 1055 1561 vlll

76 1600 196 1657 statuta
207 1595 291 1658 fuit:

118 1692 302 1772 Requiritur
318 1697 346 1756 l.
363 1698 398 1755 ut
412 1691 506 1754 unica
518 1698 643 1754 tantaun
654 1691 895 1755 confraternitas
913 1693 1056 1772 ejusdem

76 1789 206 1870 generis
217 1789 250 1849 in
263 1789 375 1850 eadem
390 1789 522 1851 eeclesia
538 1788 658 1850 institui
670 1790 782 1868 possit.

120 1889 155 1951 ἢ.
183 1888 226 1949 Ut
243 1885 274 1946 id
291 1887 344 1949 flat
366 1886 405 1948 de
429 1902 586 1948 consensu
613 1884 783 1961 ordinarii,
806 1891 925 1948 etcum
943 1887 1056 1950 litteris

76 1983 349 2048 testimonialibus
367 1983 521 2066 ejusdem,
548 1984 674 2045 statutis
694 1983 734 2045 ab
759 2001 797 2046 eo
817 1984 1002 2046 examinatis
1026 1989 1058 2048 et

76 2082 276 2163 approbatis.

121 2181 156 2242 3.
182 2181 225 2242 Ut
247 2177 487 2242 confraternitas
511 2178 621 2241 localis
642 2177 770 2241 cuidam
791 2178 1056 2242 archiconfrater·

77 2277 177 2340 nitati
200 2283 388 2359 aggregetur
404 2278 495 2357 juxta
510 2275 646 2338 formam
671 2275 889 2355 approbatam,
907 2277 946 2337 ad
961 2277 1059 2356 parti-

77 2376 256 2456 cipandum
271 2375 414 2457 ejusdem
425 2373 589 2455 privilegia
604 2380 636 2436 et
650 2374 872 2454 indulgentias.

122 2473 154 2531 4.
167 2472 208 2532 Ut
220 2471 428 2550 eleemosynae
441 2468 499 2530 sub
514 2467 690 2530 directione
700 2469 857 2530 Ordinarii
870 2469 1060 2548 colligantur

78 2572 116 2632 et
131 2573 311 2650 erogentur.

123 2668 178 2729 lll.
195 2666 304 2740 Quoad
319 2667 451 2730 modum
465 2663 595 2746 regendi
612 2664 898 2740 confraternitates,
915 2663 985 2724 haec
999 2668 1060 2724 sta·

80 2770 240 2828 luuntur:
319 2789 323 2792 ·

126 2865 156 2924 l.
180 2866 216 2925 ln
238 2861 346 2926 multis
364 2862 547 2944 regionibus
560 2861 739 2924 animarum
762 2864 890 2924 curator
903 2858 997 2920 simul
1013 2861 1060 2924 est

84 2967 193 3024 rector
207 2961 500 3024 confraternitatum
515 2961 548 3021 in
560 2961 713 3040 parochia
727 2959 940 3021 existentium.
1005 2955 1009 2962 '

126 3063 159 3122 2.
175 3059 452 3122 confraternitates
474 3058 513 3119 ab
533 3058 647 3120 officiis
668 3054 903 3138 parochialibus
916 3071 981 3117 non
995 3053 1062 3116 exi·

85 3165 229 3222 muntur.

127 3260 157 3319 3.
175 3259 268 3319 resta
280 3255 418 3320 titularia
432 3271 541 3318 earum
556 3251 741 3317 solemniter
755 3250 964 3316 celebrantur.

126 3349 1061 3430 4.Confraternitatesvisitationillpiscopommsubsunttl).

122 3565 154 3630 fl)
171 3559 308 3614 &acilium
318 3562 500 3623 Tridentiuum,
513 3573 574 3611 sess.
590 3557 668 3619 xxu,
680 3573 736 3624 cap.
748 3573 776 3622 rr,
789 3559 938 3623 delteform.
1057 3603 1062 3612 ,
