2604 4264
228 287 279 332 aar
390 288 546 336 nxrosuro
568 287 745 334 unmonrcn
765 286 849 332 tullls
869 269 1025 332 cnuonror'.

266 411 297 468 2.
313 405 496 484 Requiritur
510 422 683 466 consensus
698 403 869 483 superioris
884 402 1101 479 ecclesiastici,
1118 401 1217 462 vide·

229 505 303 566 licet
315 503 475 581 Episcopi.
1291 573 1292 578 η

270 604 300 663 3.
314 601 556 680 Beneplacitum
566 596 778 678 apostolicum
791 597 973 678 requiritur,
991 602 1216 676 preterquam
1291 595 1292 664 3

230 699 263 760 in
275 699 411 775 casibus,
427 699 460 760 in
471 699 585 778 quibus
598 715 635 760 ex
642 697 723 777 juris
733 697 941 776 dispositione
951 694 1217 774 consensusllpi-
1291 719 1292 728 ¹

230 797 319 876 scopi
334 797 470 872 sullicit3
488 799 596 875 quales
613 801 686 857 sunt
703 785 820 857 locatio
835 813 900 856 non
919 797 1004 856 ultra
1020 794 1210 868 triennium,
1291 801 1292 818 ³

230 895 377 958 alienatio
392 895 439 958 rei
453 895 540 974 parvi
554 894 676 957 valoris.

483 1117 498 1180 ς
514 1116 540 1170 3.
553 1144 584 1154 -
601 1078 639 1169 Da
652 1115 752 1170 affeetu
766 1113 955 1169 alienationis.

274 1300 299 1359 Ι.
319 1297 672 1361 Effectusalienationis
684 1299 745 1361 rite
764 1301 855 1363 factae
868 1306 927 1375 est,
942 1304 982 1386 ut
998 1299 1045 1361 rei
1066 1299 1215 1360 alienatae
1291 1359 1292 1382 ,

235 1395 415 1459 dominium
427 1396 790 1478 transferatur,1psaque
806 1417 864 1477 pro
882 1398 1025 1476 legitima
1045 1397 1214 1471 habeatur,

238 1495 367 1559 donec
358 1514 393 1556 in
413 1495 537 1557 forma
525 1495 605 1574 Juris
619 1495 690 1575 quis
707 1512 778 1556 earn
795 1496 970 1576 impugnet

277 1598 319 1660 ll.
330 1592 1041 1674 Alienatioillegitimelacta,nempedeficient
1027 1592 1220 1654 tevelcausa

241 1693 326 1770 gravi
343 1693 392 1754 vcl
411 1691 610 1763 solemnitate
614 1693 869 1774 ,nonmodopro
882 1693 951 1753 foro
962 1696 1105 1764 externo,
1118 1689 1177 1749 sed
1186 1692 1220 1748 et

239 1806 299 1867 pro
309 1789 435 1850 interno
445 1789 530 1849 nulla
545 1806 612 1851 esse
620 1790 834 1868 cognoscitur.
855 1788 1065 1852 Attamenille
1075 1785 1131 1864 qui
1142 1801 1221 1847 cum

242 1887 376 1948 ecclesia
396 1886 562 1961 contraxit,
584 1887 610 1948 si
631 1887 779 1966 prelatus
798 1887 895 1950 talem
914 1889 1115 1949 contractum
1127 1880 1221 1942 dein·

241 2000 315 2062 ceps
330 1983 508 2046 ratihabere
521 1985 606 2059 velit,
622 2003 640 2045 a
653 1989 818 2048 contractu
832 1985 954 2048 resilire
973 1983 1099 2062 nequit.

281 2082 361 2145 Male
377 2082 550 2146 alienantes
566 2084 711 2162 gravibus
726 2086 920 2146 mulctantur
933 2083 1046 2164 plenis,
1064 2079 1222 2141 nimirum

243 2179 359 2241 iisdem
373 2181 450 2256 sere,
469 2199 539 2259 quae
564 2183 737 2260 generatim
750 2179 862 2245 contra
875 2182 1034 2244 bonorum
1052 2177 1223 2242 ecclesias·
1291 2207 1292 2212 κ

243 2276 383 2339 ticorum
400 2277 559 2340 invasores
572 2285 698 2342 statuta
712 2284 797 2342 sunt.

282 2377 336 2437 lIl.
355 2375 511 2438 Alienatio
526 2378 704 2439 malefacta
720 2377 814 2439 variis
826 2376 931 2438 modis
945 2380 1123 2454 reparatur.

286 2477 315 2534 l.
335 2473 368 2534 Si
380 2474 510 2542 nulliter
523 2475 604 2537 laeta
622 2475 717 2537 fuerit
730 2474 888 2550 alienatio,
910 2475 1053 2536 ecclesiae
1068 2472 1229 2551 competit

244 2574 295 2654 jus
318 2571 401 2634 hona
423 2590 478 2633 sua
495 2573 692 2650 vindicandi3
712 2579 743 2636 et
768 2573 899 2653 quidem
922 2573 1007 2634 istud
1030 2573 1083 2651 jus
1104 2571 1227 2632 hahent

247 2670 383 2750 ipsemet
396 2671 546 2748 praelatus
568 2671 717 2745 alienans,
745 2671 811 2750 ejus
835 2688 1008 2746 successor,
1035 2669 1227 2749 capitulum,

226 2829 230 2840 ,
247 2767 314 2829 imo
330 2766 482 2844 quaelibet
494 2785 631 2847 persona
643 2768 866 2830 ecclesiastica.
881 2770 962 2830 Item
975 2768 1123 2830 ecclesiae
1137 2769 1229 2831 datur

248 2865 332 2926 actio
340 2866 488 2926 adversus
498 2865 688 2928 alienantem
698 2867 739 2928 ad
752 2866 903 2929 damnum
914 2884 953 2929 ex
963 2857 1020 2929 suo
1031 2871 1087 2945 pat
1073 2866 1230 2930 trimonio

249 2963 473 3042 reparandum.

286 3063 315 3122 2
335 3060 536 3123 Alienatione
548 3062 631 3123 facta
645 3061 741 3124 etiam
753 3078 827 3124 cum
842 3062 992 3126 solemnit
979 3062 1114 3141 tatibus,
1132 3026 1231 3126 eccle·
1291 3145 1292 3150 ἵ

248 3157 295 3219 sia
309 3157 461 3222 damnum
473 3177 565 3239 passa
572 3160 698 3238 juvatur
710 3160 865 3225 beneflcio
881 3161 1116 3226 restitutionis
1107 3181 1144 3225 rn
1153 3161 1231 3225 inte·

247 3269 356 3330 grum.
