2594 4286
472 323 546 371 PARS
568 325 735 373 sanemus.
1082 325 1096 371 8

118 462 211 524 quam
226 442 333 506 media
348 443 462 524 quihus
486 447 526 507 ad
549 445 779 526 perfectionem
803 441 926 509 facilius
946 449 977 508 et
998 442 1097 508 tutius

116 541 307 622 pervenitur.
337 545 371 604 ln
398 546 481 605 statu
516 543 652 624 regulari
682 549 845 607 servantur
870 545 933 606 tria
965 543 1097 606 consilia

116 641 295 720 evangelica
317 639 430 719 quibus
449 643 650 704 removentur
671 660 707 704 ea
725 661 795 722 quae
814 641 950 703 maxime
972 643 1096 722 perfec·

116 737 193 800 tioni
210 736 378 800 obsistunt.
400 741 460 800 Ista
476 739 607 801 consilia
626 742 791 802 firmantur
809 746 883 803 voto
907 745 1094 819 perpetuam

115 835 343 914 obligationem
357 835 552 899 continente.
593 861 595 866 ·

152 932 321 995 Diciturl⁰
344 933 408 1002 set
429 934 565 1017 obsequio
582 936 693 1018 repcloe
707 935 877 997 communis.
899 937 948 998 Ad
974 939 1092 998 statum

113 1029 296 1110 religiosum
312 1051 391 1112 opus
410 1039 457 1095 est
468 1033 574 1113 aliqua
587 1037 696 1114 regula
712 1041 744 1097 et
756 1032 920 1114 regimine,
938 1051 1012 1095 nam
1033 1040 1093 1096 sta·

114 1128 184 1192 hilis
202 1128 235 1192 in
253 1131 417 1192 communi
431 1131 555 1193 vivendi
575 1135 689 1194 modus
703 1131 746 1194 ita
758 1136 966 1212 comparatus
984 1137 1040 1209 est,
1056 1138 1092 1195 ut

24 1287 30 1300 ,
114 1225 178 1288 sine
190 1234 279 1289 certa
293 1229 401 1306 regula
415 1233 446 1289 et
463 1227 614 1308 regimine
628 1247 692 1290 non
709 1227 869 1290 subsistat.

151 1323 273 1385 Dicitur
288 1327 319 1386 5⁰
333 1323 381 1384 At
396 1325 530 1386 Ecclesia
547 1326 751 1407 approbatam,
767 1324 830 1388 sive
845 1323 919 1403 quia
932 1324 1035 1406 agitur
1050 1323 1089 1386 de

113 1427 193 1483 statu
207 1421 337 1500 publico
353 1440 571 1502 personarum,
591 1423 654 1485 sive
669 1421 742 1503 quia
760 1441 873 1485 norma
889 1421 1003 1485 idonea
1017 1439 1089 1502 pro-

112 1518 265 1598 sequendi
278 1520 508 1600 perfectionem
524 1520 668 1603 eligenda
680 1527 727 1584 est
741 1526 773 1583 et
787 1520 968 1583 sancienda.

108 1729 118 1740 '
188 1729 204 1794 ς
217 1725 245 1783 2.
260 1757 291 1768 -
308 1729 403 1784 Status
421 1730 547 1798 religiosi
566 1727 711 1785 distinctio
726 1745 742 1784 a
757 1727 868 1785 catoris
881 1728 1011 1784 statibus.

150 1901 254 1964 Status
277 1900 441 1981 religiosus
464 1901 666 1984 distinguitur
689 1907 720 1966 1ο
741 1922 759 1966 a
780 1909 862 1966 statu
884 1899 1084 1978 clericorum,

111 2017 183 2060 nam
198 2001 237 2061 de
253 2003 317 2062 lide
331 2007 379 2064 est
391 2001 525 2064 existere
537 2000 747 2064 hierarchiam
763 2000 794 2063 in
807 2001 967 2076 Ecclesia;
981 1999 1087 2064 etole-

110 2096 167 2158 rici
177 2098 476 2162 bonumcommune
489 2099 648 2162 societatis
658 2099 827 2180 spiritualis
839 2105 1084 2180 prosequuntur,

111 2195 186 2256 dum
202 2197 361 2276 regulares
379 2197 509 2276 proprio
532 2198 617 2260 hono
642 2197 822 2261 intendunt.
846 2231 887 2244 -
908 2201 940 2260 2⁰
958 2199 985 2260 A
1004 2203 1086 2259 statu

111 2293 292 2371 laieorum·;
316 2294 434 2357 etenim
451 2298 561 2358 fideles
583 2295 678 2359 vitam
696 2281 901 2362 communem
924 2301 1031 2376 agunt,
1055 2302 1086 2359 et

110 2393 244 2456 subsunt
271 2393 494 2457 communibus
518 2394 669 2458 Ecclesiae
691 2394 824 2476 legibus,
846 2396 924 2472 dum
946 2391 1086 2472 religiosi

109 2490 205 2552 vitam
215 2493 389 2572 perlectam
401 2509 440 2556 ex
454 2492 597 2556 instituto
611 2500 781 2570 sectantur,
799 2491 935 2573 ideoque
950 2487 1086 2574 propriis

108 2588 229 2668 legibus
250 2596 392 2653 utuntur.
439 2662 441 2666 ¹
1017 2659 1019 2662 .

148 2690 225 2751 Haec
239 2687 405 2750 manifesta
420 2695 503 2765 sunt,
520 2689 683 2770 supposita
699 2689 864 2755 existentia
879 2688 1085 2755 consiliorum

108 2785 373 2866 evangelicorum.
390 2787 487 2867 Atqui
502 2790 594 2850 datur
609 2787 769 2853 distinctio
785 2789 868 2853 inter
882 2796 1041 2870 praecepta
1054 2795 1086 2852 et

107 2885 251 2962 consilia,
267 2891 297 2948 et
311 2884 442 2948 consilia
461 2893 534 2948 sunt
552 2885 741 2966 perfectiora
765 2888 944 2966 praeceptis.
969 2885 1086 2948 Proba·
1163 2937 1169 2949 ,

21 3001 22 3012 t
76 3009 78 3014 ·
106 2988 242 3045 turtum
258 3001 295 3045 ex
311 2983 415 3046 verbis
435 2983 550 3047 Christi
573 2990 605 3047 et
622 2986 653 3046 S.
678 2984 776 3061 Pauli,
792 2991 860 3049 tum
876 3001 914 3046 ex
938 2981 1085 3068 Patribus

108 3079 160 3158 qui
176 3079 408 3158 perfectionem
418 3079 624 3144 consiliorum
640 3084 807 3144 extollunt.
820 3079 918 3162 Igitur
931 3079 1085 3160 professio

107 3175 235 3256 publica
250 3177 455 3241 consiliorum
481 3186 598 3242 statum
615 3178 799 3242 distinctum
815 3177 989 3241 constituit.

146 3274 283 3338 Consilia
303 3281 376 3338 sunt
395 3277 525 3357 quidem
549 3276 729 3354 innumera,
749 3297 777 3340 v.
802 3297 832 3358 g.
849 3277 934 3340 circa
951 3277 1084 3339 modum

106 3374 304 3454 adimplendi
332 3373 503 3454 praecepta.
520 3377 637 3437 Verum
653 3381 796 3437 auctores
812 3373 1084 3438 communiterlo-

106 3481 247 3551 quuntur
259 3474 298 3534 de
313 3471 415 3534 trihus
429 3471 567 3534 consiliis
580 3471 785 3552 paupertatis,
799 3471 950 3536 castitatis
962 3477 993 3534 ct
1004 3471 1081 3533 ohe·

105 3569 244 3646 uicatim,
262 3577 417 3650 quatenus
430 3588 466 3632 ee
477 3576 549 3631 sunt
560 3569 733 3650 praeeipua‚
750 3575 781 3637 et
797 3569 919 3634 caeteris
930 3577 1084 3648 praestan-

105 3669 185 3732 tiora
197 3667 303 3732 media
319 3667 522 3748 perfectionis
537 3667 754 3748 acquirendo.
