2594 4286
213 303 245 350 50
270 290 273 295 ’
305 267 306 272 1
376 301 532 350 uxrosmrc
554 302 731 348 nannenten
752 303 836 349 runis
858 304 1012 351 tancmer.
1076 287 1077 290 Ἰ

211 428 348 484 uuerunt
359 421 622 502 approbationem
635 438 652 480 a
664 421 695 481 S.
712 421 805 498 Sede,
819 421 1197 500 dimittunturprudenti

211 518 342 582 arbitrio
358 521 600 600 Episcoporum.
627 521 671 579 De
687 518 759 596 jure
790 520 970 594 communi,
1000 521 1196 581 Ordinarius
1279 517 1280 520 ’

210 623 316 697 potest
337 618 505 696 prohibere
528 634 567 677 ne
590 616 710 695 absque
730 635 786 678 suo
810 634 966 678 consensu
981 617 1140 679 moniales
1159 617 1195 678 in

212 732 268 776 sua
286 716 415 778 dioecesi
438 715 605 778 existentes
627 718 780 793 peragant
804 719 892 776 aetus
912 715 1071 794 graviores
1081 715 1193 775 admi-

210 812 416 875 nistrationis.

250 916 279 971 2.
302 912 406 973 Status
417 911 471 971 ille
490 909 543 971 diu
559 910 731 989 perdurare
752 909 863 988 nequit
885 911 1034 988 respectu
1047 927 1191 990 congre·

212 1005 346 1086 gationis
358 1023 428 1085 quae
442 1005 753 1084 domuserigitextra
767 1005 941 1068 dioecesim.
960 1007 1026 1080 Qua
1041 1007 1132 1067 enim
1143 1025 1192 1068 ra·
1280 1071 1281 1096 χ

212 1103 300 1165 tione
315 1103 532 1180 providebitur
544 1103 657 1164 unitati
672 1102 854 1181 regiminis?
869 1105 914 1165 Ex
926 1121 989 1164 una
1004 1109 1094 1182 parte
1110 1121 1192 1166 cou—
1280 1097 1281 1114 *

212 1205 322 1262 ventus
348 1219 405 1280 per
436 1202 535 1263 varias
564 1201 740 1279 provincias
774 1201 938 1262 constituti
975 1200 1191 1264 subderentur

213 1299 393 1360 auctoritati
418 1299 658 1360 ordinariorum
684 1298 738 1377 qui
769 1298 883 1378 singuli
908 1305 1040 1377 possunt
1062 1300 1190 1379 regulas

213 1403 410 1459 commutare
442 1403 678 1474 antegressum
706 1414 722 1456 e
748 1400 906 1458 conventu
936 1396 1117 1474 prohibere.
1143 1398 1191 1458 Ex

214 1495 311 1555 altera
336 1499 436 1572 parte,
461 1494 550 1571 juxta
572 1495 724 1572 regulam,
749 1493 818 1554 istae
835 1494 987 1555 moniales
1003 1498 1191 1556 tenerentur

213 1591 343 1653 obedire
367 1591 582 1669 superiorissae
602 1591 751 1670 generali.
770 1590 867 1669 Igitur
889 1593 1118 1652 recurrendum
1142 1597 1191 1653 est
1281 1643 1282 1660 ,

213 1688 252 1749 ad
267 1689 465 1762 Pontificem,
481 1694 515 1750 ut
529 1690 732 1769 congregatio
746 1689 852 1767 aliqua
864 1689 1035 1752 stabilitate
1051 1691 1194 1764 fruatur,·
1281 1699 1282 1748 l

213 1785 394 1864 approbatis
410 1787 701 1849 constitutionibus.

254 1885 284 1945 3.
301 1885 332 1945 S.
351 1885 448 1946 Sedes
462 1884 505 1945 ita
520 1883 665 1961 providet
682 1882 873 1960 quibusdam
889 1883 1188 1963 congregationibus

214 1981 253 2042 ad
269 1982 452 2044 servandam
471 1997 579 2042 aarum
593 1980 771 2040 unitatem:
795 1981 898 2059 quoad
923 1981 1066 2060 re'gimen
1089 1981 1188 2043 totius

214 2079 477 2158 congregationis,
488 2079 555 2140 istae
571 2077 723 2139 moniales
737 2095 801 2138 uon
813 2079 954 2155 pendent
963 2078 1002 2140 ab
1014 2079 1189 2141 Ordinariis

215 2181 427 2237 conventuum
439 2197 447 2250 ;
460 2177 515 2237 sed
526 2174 746 2255 „subjiciuntur
761 2175 855 2236 alicui
867 2177 1021 2254 superiori
1032 2195 1050 2238 a
1061 2179 1092 2240 S.
1107 2177 1195 2240 Sede¹

215 2276 365 2353 deputato
388 2274 476 2353 cujus
496 2273 668 2335 auctoritas
692 2273 730 2332 ad
757 2289 867 2334 omnes
891 2280 1061 2336 conventus
1082 2293 1116 2336 se
1135 2293 1187 2336 ex·

216 2373 334 2433 tendat.
356 2374 406 2433 An
421 2377 527 2434 autem
541 2370 640 2450 magis
660 2372 806 2451 expediat
821 2377 857 2433 ut
878 2373 937 2434 iste
962 2373 1124 2452 delegatus
1148 2374 1188 2435 sit
1282 2359 1283 2366 ἵ

215 2469 389 2532 Cardinalis
402 2475 575 2547 protector,
586 2471 632 2530 vel
646 2469 752 2547 aliqua
765 2470 972 2549 Congregatio
989 2473 1187 2547 romana,ch

215 2568 349 2630 Nuntius
364 2567 566 2646 apostolicus,
591 2568 640 2629 vel
668 2585 749 2628 unus
773 2569 949 2646 Episcopus
968 2568 1117 2646 regionis
1138 2571 1184 2630 vel

215 2667 345 2746 quidam
365 2665 529 2746 presbyter
550 2666 653 2727 vivens
674 2681 775 2744 prope
799 2666 931 2727 domum
954 2666 1182 2781 principalem,

212 2765 274 2828 hoc
286 2766 433 2844 pendete
447 2764 702 2827 circumstantiis.

106 2846 110 2854 ’
252 2867 283 2923 4.
306 2861 367 2924 Ubi
388 2863 486 2924 Sedes
501 2862 685 2939 Apostolica
698 2860 778 2922 nihil
798 2860 964 2941 disposuit,
988 2862 1184 2925 difficultates

213 2961 257 3024 ita
268 2961 425 3022 solvendae
436 2959 752 3024 videntur.Gonveuit
763 2959 940 3038 relinquere
951 2961 1184 3040 congregationi

213 3056 346 3119 liberam
359 3057 517 3118 bonomrn
525 3057 838 3138 administrationem
858 3058 891 3119 in
909 3058 1045 3136 negotiis
1060 3077 1125 3120 non
1142 3076 1185 3120 ar·

215 3152 296 3226 duis,
311 3153 493 3216 facultatem
505 3155 718 3216 transferendi
736 3155 910 3217 moniales
901 3174 934 3217 m
946 3157 1044 3217 alium
1056 3174 1185 3218 convan-

214 3255 294 3323 tum‚
310 3256 342 3309 et
352 3252 524 3330 peragendi
538 3269 574 3314 ea
587 3271 657 3331 quae
672 3252 814 3333 regimen
828 3253 924 3316 totius
937 3253 1184 3334 congregationis

215 3349 371 3426 spectant.
