2604 4264
469 275 543 320 PARS
564 275 735 328 sanemus
1033 281 1083 327 lea

99 393 361 455 matrimoniales
380 411 445 455 non
468 396 611 472 spectare
632 392 672 452 ad
692 391 817 471 judices
841 391 1081 472 ecclesiasticos,

98 492 276 554 anathema
292 493 333 552 sit
352 492 405 571 (l).
419 514 434 549 n

141 592 175 651 3.
194 590 327 652 Ratione
349 590 409 664 sui,
429 607 524 650 cause
539 586 726 668 beneficiales,
747 588 898 673 quoniam
913 589 1084 669 spirituali-

99 691 163 752 bus
180 692 399 763 accensentur,
411 689 482 748 loro
494 686 709 775 ecclesiastico
718 685 946 748 addiotaesunt.
959 689 1084 750 Etenim

100 805 156 849 res
170 785 354 864 temporalis
370 784 487 845 desinit
502 799 568 844 esse
583 784 668 858 talis,
684 800 757 844 cum
777 783 872 845 luerit
886 786 1007 846 adnexa
1020 787 1085 866 spi-

101 882 227 946 rituali.
243 886 400 944 Praeterea
419 882 571 943 beneficia
586 881 727 960 pendent
742 881 781 942 ab
795 883 981 945 auctoritate
996 884 1087 962 spiri-

101 981 196 1057 tuali,
213 998 284 1058 quae
297 981 351 1041 illa
363 979 502 1040 instituit
513 977 567 1058 (E).

145 1083 176 1140 4.
202 1078 336 1139 Ratione
363 1093 582 1156 personarum,
608 1077 694 1137 solus
717 1077 893 1156 Episcopus
919 1083 966 1139 est
988 1079 1087 1157 iudex
1186 1057 1190 1066 ’

104 1179 297 1254 competens
318 1175 350 1234 in
376 1174 571 1252 quibuslibet
592 1173 686 1234 causis
708 1173 889 1248 clericorum,
914 1191 1028 1254 nempe
1053 1175 1087 1233 in

105 1273 211 1336 causis
232 1275 271 1333 de
290 1272 418 1333 illorum
438 1272 501 1333 vita
520 1275 552 1332 et
574 1269 737 1346 institutis,
759 1272 798 1332 de
813 1273 1026 1348 immunitate,
1047 1273 1088 1333 de

107 1371 297 1434 criminibus
310 1368 542 1432 ecelesiasticis
967 1361 971 1368 ’

147 1471 227 1532 Pius
240 1472 283 1531 lx
296 1469 452 1531 damnavit
462 1472 648 1545 sequentem
660 1466 913 1546 propositionem
928 1486 935 1528 :
951 1468 1089 1528 «Eccle-

109 1567 277 1629 siasticum
287 1568 388 1628 lorum
401 1583 461 1644 pro
473 1563 702 1642 temporalibus
713 1561 900 1624 clericorum
911 1564 1013 1624 causis
1024 1561 1087 1624 sive

110 1649 259 1724 civilibus
274 1663 336 1722 sive
351 1660 567 1723 criminalibus
581 1658 711 1720 omuino
730 1660 769 1720 de
785 1659 891 1720 medio
909 1659 1088 1720 tollendum

109 1763 168 1832 est,
205 1756 301 1820 etiam
331 1757 510 1820 inconsulta
540 1759 572 1817 et
602 1757 793 1817 reclamante
824 1754 1007 1833 Apostoliea
1036 1757 1089 1817 Se-

111 1856 150 1916 de
165 1855 252 1934 (3).n

149 1952 296 2014 Pontifex
310 1969 384 2012 vero
397 1954 503 2030 potest
517 1950 708 2012 clericorum
718 1948 954 2026 exemptionem
967 1948 1088 2029 ajuris-
1171 1969 1173 1972 ·

113 2049 255 2111 dictione
293 2046 436 2110 saeculari
465 2049 568 2127 quoad
593 2048 749 2127 quosdam
772 2045 905 2108 clericos
929 2053 960 2110 et
985 2049 1088 2128 quoad

113 2149 269 2226 quasdam
285 2164 395 2208 causas
406 2163 566 2208 revocare.

469 2369 690 2426 minutus
708 2369 737 2424 11

305 2549 487 2591 coneursum
510 2545 570 2589 EORI
590 2547 761 2599 elueutoauu
780 2548 902 2588 Jumcull.

154 2716 399 2792 Competentem
412 2713 517 2773 forum
529 2715 560 2772 et
570 2709 712 2790 judicem
726 2709 803 2770 lacit
815 2713 884 2769 tum
898 2713 1007 2766 notura
1024 2719 1093 2762 con-

115 2831 233 2893 soequae
246 2813 279 2873 in
295 2809 543 2874 controversiam
555 2808 735 2884 adducitur,
749 2812 819 2868 tum
828 2804 955 2884 qualitas
963 2819 1095 2882 persone

118 2929 187 2989 quae
201 2911 298 2988 injus
311 2913 451 2970 vocatur.
1019 2943 1022 2966 2
1152 2890 1157 2899 ’

155 3011 182 3071 Ι.
208 3005 342 3068 Ratione
363 3022 477 3080 oausae,
500 3004 606 3064 sorum
629 3005 817 3079 competens
839 2996 958 3076 duplici
982 2996 1092 3072 regula

120 3104 331 3184 cognoscitur.

158 3207 186 3264 l.
202 3205 410 3282 compertum
424 3201 472 3260 est
485 3211 595 3256 omnes
610 3209 719 3255 causas
733 3189 961 3253 ecclesiasticas
978 3191 1017 3251 ad
1036 3190 1094 3252 tri-

120 3298 213 3359 bunal
236 3297 388 3361 Ecclesiae
413 3291 584 3374 pertinere.
606 3291 714 3352 Gausae
736 3293 845 3350 autem
871 3285 1092 3350 ecclesiastica

149 3470 184 3535 (l)
195 3468 328 3518 concilium
344 3465 526 3522 Tridentium,
541 3474 600 3511 sess.
614 3458 708 3520 XXIV,
720 3473 774 3510 cau.
787 3474 834 3510 ιιι.

150 3547 183 3610 (2)
194 3547 422 3608 Schmalzgrueber‚
434 3545 481 3593 Jus
491 3541 694 3600 ecclesiasticum,
704 3539 746 3588 lib.
758 3539 790 3599 ll,
802 3541 845 3592 tit.
861 3554 890 3589 u.
936 3591 939 3600 ,

150 3626 183 3691 (3)
194 3629 233 3679 Pii
245 3630 279 3678 lx
289 3625 410 3691 syllabus
417 3622 580 3688 complectens
588 3621 730 3686 proecipuos
739 3623 834 3670 nostroe
843 3620 926 3670 oetola's
938 3630 1046 3679 errores,
1054 3615 1094 3664 31.
