2604 4264
227 224 278 270 lac
384 223 543 268 nxeosmo
564 222 741 270 uuuucctcl
762 224 846 271 tuuis
870 225 1028 274 cadorum.

225 341 349 404 tutione
365 341 526 416 sancimus
542 339 705 403 universos
724 346 756 402 et
775 335 916 420 singulos
932 343 987 420 qui
1004 342 1089 404 hona
1108 343 1225 406 cccle-

227 440 344 501 siarum
362 454 519 516 occupare
540 444 749 516 praesnmunt,
767 445 1021 518 quantaecunque
1044 440 1223 520 dignitatis

226 538 348 598 honore
361 536 579 615 praefulgeant,
597 553 635 598 eo
649 536 719 616 ipso
729 538 1070 600 excommunicationis
1079 543 1222 606 senten-

226 635 281 698 tiae
295 633 459 713 subjacere
471 633 525 711 (l).
541 654 556 691 a

266 731 360 794 Proh.
371 733 404 792 3.
414 730 609 792 ExGoncilic
615 731 804 794 Tridentino
817 750 825 792 :
838 733 895 794 «Si
908 750 1005 810 quem
1015 734 1217 796 clericorum

227 830 456 904 vellanorum,
472 846 660 907 quacunque
672 829 699 890 is
714 829 869 908 dignitate
887 831 1133 909 praeiulgeatpin
1143 837 1217 894 tan-

226 932 296 989 tum
316 928 472 988 malorum
492 925 637 988 omnium
651 927 743 990 radix
763 927 921 1006 cupiditas
942 931 1159 1008 occupaverit,
1175 936 1216 994 ut
1285 985 1286 992 ,

226 1023 359 1102 alicujus
383 1025 527 1086 ecciesiae
545 1024 797 1103 jurisdictiones,
820 1025 916 1100 hona,
941 1044 1054 1088 census
1077 1045 1114 1090 ac
1139 1029 1216 1107 jura

227 1139 379 1201 usurpare
390 1123 641 1201 praesumpserit,
658 1123 685 1184 is
700 1123 894 1187 anathemati
909 1125 1021 1186 tandiu
1033 1125 1211 1204 subiaceat,

226 1221 365 1298 quandiu
382 1220 466 1282 bona
486 1221 630 1282 ecclesia
642 1221 828 1294 restituerit,
842 1239 880 1284 ac
892 1222 1010 1284 deinde
1031 1239 1050 1284 a
1065 1224 1213 1286 Romano

225 1319 379 1381 Pontifice
393 1318 626 1380 absolutionem
642 1318 875 1398 obtinueritffl).
892 1338 907 1378 u

616 1531 747 1592 CAPUT
764 1531 808 1592 III

221 1661 276 1740 ¹lle
298 1687 587 1740 administratione
614 1690 648 1736 et
681 1688 887 1739 alienatione
915 1692 1075 1740 bonorum
1109 1690 1210 1742 ecclc·
1287 1745 1288 1764 ἶ

603 1768 823 1819 alaatlecrum.
1287 1769 1288 1774 ’

259 1926 326 1978 Anr.
346 1924 368 1979 l.
388 1921 559 1978 Deillorum
572 1919 834 1978 administratione.

260 2011 325 2067 dnn.
340 2012 373 2068 li.
388 2011 425 2066 [ic
438 2010 559 2066 illorum
571 2008 757 2066 alienatione.

591 2208 812 2266 ARTICULUS
825 2210 840 2263 l

354 2375 389 2414 DE
402 2373 646 2414 duuiutstaurtcuu
660 2372 785 2413 cononum
800 2372 1070 2413 nectusmmconuu.

264 2523 287 2583 Ι.
312 2521 367 2582 Jus
388 2518 620 2582 administrandi
648 2519 720 2582 bona
748 2518 939 2581 eeclesiastico
964 2521 1003 2580 ad
1029 2519 1208 2583 Ecclesiam

225 2619 374 2701 pertinet.
769 2613 770 2616 ’

197 2763 202 2774 ,
265 2715 422 2780 Probatur
441 2718 470 2776 l.
486 2714 542 2776 Ec
552 2713 778 2808 jurenctaroli.
797 2714 960 2776 Bonorum
972 2715 1207 2777 administratio

224 2821 347 2895 spectat
363 2816 403 2876 ad
418 2815 510 2875 illum
525 2813 579 2891 qui
598 2813 778 2874 dominium
792 2812 899 2874 habet.
921 2813 1047 2874 Etenim
1062 2831 1208 2876 accesso-

223 2913 306 2974 rium
320 2912 462 2992 sequitur
476 2909 666 2990 principale3
687 2911 775 2990 atqui
791 2910 1025 2972 administratio
1040 2916 1089 2973 est
1100 2927 1206 2972 acces-

224 3013 344 3072 sorium
360 3009 506 3072 dominii.
523 3008 602 3070 Cum
625 3007 724 3087 igitur
737 3008 771 3068 in
792 3008 887 3069 rehus
910 3009 976 3070 Deo
998 3014 1029 3070 et
1048 3008 1205 3088 Religioni

224 3107 337 3168 dicatis
352 3107 530 3169 dominium
542 3108 656 3168 saltem
666 3106 743 3168 utile
753 3107 793 3166 ad
808 3122 960 3184 personas
976 3106 1204 3170 ecclesiasticas

223 3205 390 3283 pertineat,
413 3206 488 3267 inde
506 3204 650 3290 sequitur
669 3204 812 3283 ipsarum
827 3221 956 3282 quoque
978 3222 1088 3268 euram
1106 3213 1139 3272 et
1155 3206 1204 3268 ad·

223 3302 489 3365 ministrationem
501 3305 541 3365 ad
555 3304 683 3365 easdem
699 3318 850 3381 personas
866 3306 1021 3382 spectare.

254 3462 288 3522 (1)
301 3459 439 3510 Concilium
450 3461 617 3524 lugdunense
627 3462 660 3523 ΙΙ,
676 3473 731 3523 cap.
748 3473 797 3510 ιιι.

254 3541 290 3606 (t)
304 3541 368 3593 Sese.
383 3540 461 3606 xxil,
474 3555 533 3604 cap.
547 3554 583 3606 ιι,
593 3543 624 3593 de
637 3541 832 3606 deformatione.
