2590 4262
370 255 373 264 ¹
452 287 525 332 rans
548 287 713 336 srncmus
1016 291 1068 336 rer
1119 316 1121 320 -

91 412 123 472 et
142 406 204 480 rei3
227 421 322 466 causa
346 404 456 464 saltem
485 403 519 463 in
544 418 678 482 genere3
700 403 788 464 locus
807 406 839 464 et
861 403 928 464 dies
940 405 1066 484 judieii.

131 506 160 566 b.
176 501 342 572 (litationis
351 501 480 562 effectus
491 501 597 579 plures
611 505 684 561 sunt
694 519 701 562 :
713 500 831 575 Primo,
846 502 940 562 relate
947 501 989 562 od
996 503 1070 563 cito-

90 611 155 662 tum
169 599 323 679 obligatio
334 597 552 676 comparendi.
565 631 603 644 -
618 598 777 672 Secundo,
791 597 883 658 relate
895 599 1068 660 eductorem

89 697 245 776 obligatio
271 695 485 774 prosequendi
505 695 594 756 litem
615 711 723 756 eoram
742 695 852 774 judice
877 696 1004 759 citante.
1029 731 1070 743 -
1174 727 1176 731 ·

89 795 214 870 Tertio,
231 792 320 854 relate
331 791 507 873 adjudicent
525 791 635 854 citatio
657 798 806 871 operatur
818 793 1068 873 praeventionem

89 895 242 954 adversus
257 891 336 952 alios
348 892 474 970 judices
497 890 616 969 pariter
638 895 869 968 competentes.
885 893 926 936 -'-
939 892 1065 967 Quarto,

89 991 182 1051 relate
195 985 234 1049 od
244 1005 360 1049 causam
376 987 485 1050 citatio
497 987 704 1066 interrumpit
714 988 1001 1067 prescriptionem,
1018 989 1068 1048 in·

92 1088 183 1149 ducit
210 1087 275 1148 litis
300 1085 516 1164 pendentiam,
543 1091 579 1147 ut
600 1103 636 1146 ea
659 1087 818 1164 pendente
833 1086 912 1146 nibil
927 1087 1068 1148 innovari

92 1183 196 1262 possit
209 1182 264 1262 (l).

133 1282 188 1343 Ill.
204 1271 402 1354 Contremuere,
419 1297 437 1340 a
451 1277 654 1339 contemnendo
675 1278 771 1352 dicta,
789 1284 838 1340 est
852 1278 1070 1341 inobedientia

95 1395 169 1456 erga
180 1378 333 1456 judicem.
346 1379 437 1439 Unde
450 1382 620 1439 contumax
629 1377 755 1454 dicitur,
767 1377 821 1456 qui
831 1393 849 1436 a
858 1377 968 1455 judice
978 1393 1070 1438 roca-

91 1481 145 1537 tus
159 1476 194 1535 in
209 1475 362 1552 iudicium
385 1475 491 1536 venire
515 1474 755 1552 contempserit,
776 1491 850 1535 eum
873 1474 961 1536 nullo
982 1475 1069 1554 justo

93 1572 327 1650 impedimento
338 1573 532 1634 detineretur
548 1593 556 1648 3
573 1573 622 1635 vel
633 1589 707 1633 cum
719 1571 813 1644 venit,
832 1572 940 1650 judice
958 1587 1070 1650 parere

93 1664 268 1745 recusavit3
293 1672 339 1732 vel
362 1671 431 1731 sine
456 1670 574 1749 judicis
598 1669 689 1732 venia
708 1674 890 1749 susceptum
913 1669 1071 1749 judicium

95 1767 248 1829 deseruit.

132 1865 257 1942 Duplex
274 1869 381 1925 autem
400 1865 601 1927 contumacia
627 1863 842 1942 distinguitur,
870 1881 985 1942 nempe
1002 1883 1071 1925 vero

34 2031 37 2037 ,
94 1962 141 2024 vel
159 1961 245 2042 ficto.
276 1961 366 2022 Prior
390 1966 447 2038 est,
466 1979 539 2024 cum
561 1960 632 2040 quis
650 1961 795 2040 legitime
818 1961 933 2022 citatus
954 1960 1071 2039 judicis

94 2061 245 2121 mandato
260 2077 325 2120 non
340 2058 554 2138 obtemperat.
574 2059 735 2121 Posterior
748 2064 805 2134 est,
821 2059 897 2119 dum
910 2058 1023 2136 aliquis
1039 2057 1072 2118 in

91 2155 251 2235 judicium
275 2161 403 2218 vocatus
431 2157 507 2218 dolo
534 2157 647 2234 latitat,
676 2161 708 2218 et
738 2156 875 2236 impedit
903 2157 1071 2236 quominus

95 2254 208 2317 citatio
221 2255 259 2314 ad
275 2271 349 2316 eum
364 2255 537 2334 perveniat.

135 2353 214 2412 Tam
231 2357 329 2428 actor,
347 2369 442 2431 quam
467 2371 550 2430 reus,
579 2359 751 2416 contumax
770 2369 838 2415 esse
861 2358 983 2431 potest;
1003 2351 1072 2412 aliis

94 2466 169 2510 vero
198 2451 299 2527 poenis
328 2457 516 2514 coercentur
550 2457 624 2516 ante
650 2455 700 2516 vel
727 2458 800 2532 post
830 2453 919 2514 litem
947 2457 1072 2515 contes-

94 2550 206 2608 tatem.

135 2648 165 2706 l.
184 2645 216 2705 Si
228 2654 311 2706 actor
323 2646 363 2707 sit
375 2652 546 2708 contumax
558 2654 632 2710 ante
646 2650 737 2710 litem
759 2651 981 2718 contestatam,
998 2660 1074 2704 oon-

96 2742 267 2803 damnatur
278 2743 318 2803 ad
334 2760 496 2822 expensas,
520 2763 579 2808 nec
597 2748 637 2807 ad
649 2747 745 2806 aliam
760 2745 944 2806 citationem
959 2739 1075 2799 admit-

97 2843 191 2914 tetur,
208 2840 269 2900 nisi
288 2843 428 2921 praestita
449 2844 596 2906 cautione
618 2841 837 2923 comparendi.
860 2840 892 2899 Si
909 2853 982 2898 vero
1002 2841 1074 2915 post

96 2933 160 2995 litis
187 2937 453 2998 contestationem
480 2939 627 3015 abluerit,
653 2943 764 3002 contra
788 2937 894 3015 ipsum
920 2931 1075 3008 sententia

96 3032 207 3107 fertur,
224 3033 273 3093 vel
288 3035 399 3094 saltem
413 3053 485 3097 reus
512 3054 529 3097 a
550 3036 673 3116 J'udicio
695 3033 882 3106 absolvitur,
909 3034 1016 3091 actore
1041 3029 1074 3088 in

98 3145 250 3208 expensas
266 3133 488 3195 condemnato.

137 3230 168 3288 2.
186 3227 220 3289 Si
233 3245 300 3288 reas
315 3229 355 3291 sit
372 3235 543 3292 contumax
557 3236 630 3292 ante
642 3231 732 3291 litem
749 3231 969 3300 contestatam,
987 3229 1075 3286 actor

98 3323 237 3386 mittitur
250 3326 283 3385 in
298 3329 531 3405 possessionem
543 3329 588 3390 rei
599 3327 760 3389 servandae
771 3343 873 3388 eausa.
885 3323 954 3384 bite
968 3326 1073 3383 autem

100 3426 288 3500 contestata,
302 3427 349 3486 vel
363 3427 402 3487 ad
413 3427 602 3489 sententiam
616 3425 810 3488 definitivam
819 3422 1015 3503 proceditur,
1027 3419 1075 3480 vel

128 3554 162 3614 (1)
180 3555 408 3622 Sebmalzgruaber,
426 3560 538 3623 Pirbing,
561 3561 683 3620 illucebat,
705 3556 798 3609 Giraldi
816 3557 847 3605 ad
864 3555 906 3604 tit.
934 3567 973 3614 ιιι,
995 3550 1037 3599 lib.
1051 3546 1073 3596 11

102 3633 285 3685 Decretolium.
