2594 4286
229 291 261 336 66
389 292 546 338 claustrie
567 292 742 338 ueraoolca
764 293 846 340 lunis
868 295 1023 343 GANONICI.

269 410 376 486 Tatio,
398 410 596 472 sacularium
616 413 767 490 juvenum
787 412 916 487 schola,
940 415 1045 494 quoad
1071 413 1211 492 religio-

225 525 292 570 sam
306 507 549 583 institutionem,
565 507 714 570 llcclesiae
729 507 876 586 regimini
891 508 1054 590 subjacere
1068 511 1208 575 debent.

263 610 294 668 2.
312 605 476 668 litteraria
488 607 590 688 etiam
607 625 645 671 ac
664 605 840 669 scientifica
853 607 1027 688 juventutis
1042 607 1210 672 institutio

224 705 421 784 aliquatenus
440 706 590 768 Ecclesia
609 705 791 768 auctoritati
813 705 939 770 subesse
960 707 1075 782 debet;
1098 726 1208 787 quan·

223 809 291 865 turn
305 820 420 882 nempe
436 802 510 864 satis
523 807 582 878 est,
601 807 635 863 ut
648 803 763 864 intuto
778 801 819 863 sit
831 802 979 882 religiosa
990 803 1135 884 ejusdem
1146 805 1207 885 ju-

222 901 360 964 ventutis
379 900 572 962 informatio.
595 900 685 962 Ratio
711 905 769 974 est,
793 901 866 980 quia
888 900 1041 982 magistri,
1068 902 1144 964 libri
1172 909 1206 966 et

222 998 347 1061 vivendi
362 1015 475 1059 norma
487 997 674 1078 religionem
689 997 878 1077 respiciunt3
896 1000 984 1078 atqui
997 1001 1116 1063 scholae
1130 999 1204 1062 sub·
1293 985 1294 990 ἵ

219 1097 374 1177 jiciuntur
389 1095 610 1158 ecclesiastica
631 1095 822 1172 auctoritati,
839 1096 1018 1176 praesertim
1035 1098 1069 1159 in
1087 1098 1127 1160 iis
1147 1117 1202 1162 re·

222 1195 281 1257 bus
295 1213 366 1276 quae
380 1213 454 1257 cum
472 1193 624 1273 religione
639 1211 728 1255 nexae
742 1199 816 1256 sunt
829 1193 881 1274 (l).

261 1295 311 1354 lll.
328 1292 400 1355 Pius
413 1295 454 1354 lX
467 1297 634 1372 sequentes
647 1290 880 1370 propositiones
892 1291 1053 1355 damnavit
1066 1311 1073 1353 :

266 1413 280 1448 (l
293 1391 408 1453 'lotum
431 1391 610 1451 scholarum
633 1388 832 1468 publicarum
853 1389 1008 1469 regimen,
1026 1389 1202 1470 inquibus

217 1489 364 1567 juventus
390 1486 561 1550 christiana
584 1487 716 1566 alicujus
735 1486 920 1565 reipublicae
934 1487 1121 1564 instituitur,
1138 1507 1203 1568 po-

218 1592 281 1648 test
295 1603 332 1648 ao
347 1584 443 1648 debet
457 1584 587 1646 attribui
598 1582 778 1646 auctoritati
793 1583 889 1645 civili.
907 1605 922 1642 r

262 1707 278 1739 a
293 1683 436 1746 Postulat
448 1682 570 1762 optima
584 1681 683 1744 civilis
697 1681 858 1744 societatis
871 1681 962 1758 ratio,
977 1688 1012 1745 ut
1027 1686 1200 1762 populares

219 1781 337 1844 soholae
353 1799 423 1861 quae
443 1786 552 1860 patent
568 1780 716 1842 omnibus
736 1778 852 1858 pueris,
872 1796 909 1840 ao
927 1781 1055 1859 publica
1068 1782 1200 1845 univer-
1295 1843 1296 1870 ,

219 1881 279 1953 sim
304 1879 457 1953 instituta,
486 1897 557 1958 quaa
580 1878 695 1940 litteris
720 1876 994 1956 severioribusque
1020 1879 1200 1959 disciplinis
1295 1871 1296 1890 *

218 1977 381 2040 tradendis
405 1982 436 2038 et
457 1976 638 2039 educationi
656 1974 830 2054 juventutis
849 1976 999 2038 curandae
1012 1982 1083 2040 sunt
1099 1979 1199 2039 desti·

217 2081 301 2149 nata,
314 2075 492 2138 eximantur
503 2074 543 2135 ab
558 2072 645 2136 omni
659 2071 811 2134 Ecclesiae
825 2073 1025 2149 auctoritate,
1036 2075 1198 2155 plenoque

219 2172 318 2235 civilis
332 2172 528 2236 auctoritatis
541 2170 673 2233 arbitrio
686 2170 904 2250 subjiciantur.
921 2193 936 2230 n

264 2269 462 2332 «Catholicis
482 2267 557 2331 viris
577 2267 704 2347 probari
729 2273 836 2347 potest
856 2285 895 2330 aa
913 2269 1086 2347 juventutis
1106 2272 1199 2334 insti-

108 2447 112 2460 Ι
217 2367 345 2429 tuenda
357 2367 449 2442 ratio,
466 2385 536 2446 qua
550 2365 591 2428 sit
605 2383 624 2426 a
638 2364 794 2428 catholica
806 2367 868 2428 lida
881 2372 913 2430 et
925 2367 966 2429 ab
978 2369 1129 2432 Ecclesia
1141 2387 1199 2449 po·

219 2470 332 2528 testate
348 2464 488 2543 sejuncta
502 2462 553 2544 (ἓ).
567 2484 583 2522 n
611 2451 612 2458 ἵ

404 2681 420 2744 13*
437 2679 460 2731 2.
475 2707 504 2716 -
518 2677 556 2731 ils
572 2677 659 2730 variis
671 2678 829 2731 scholarum
843 2678 1001 2744 speciebus.

255 2857 281 2911 l.
296 2854 336 2909 lie
349 2850 455 2908 scholis
468 2846 705 2906 elementaribus.

192 3007 196 3012 ,
254 2946 281 2998 2.
299 2942 337 2997 lle
350 2938 455 2996 scholis
468 2937 678 3010 superioribus.

254 3033 282 3085 3.
295 3028 334 3084 lie
346 3024 597 3084 Universitatibus.

254 3211 289 3271 (1)
299 3208 432 3258 Clementis
443 3209 499 3258 xlv
509 3211 585 3260 Breve
596 3208 746 3273 Magnopere
754 3205 785 3256 ad
802 3205 948 3269 Episcopum
963 3204 1041 3255 Vllum
1051 3205 1090 3268 (18
1102 3206 1200 3257 decem·

219 3289 398 3432 br'llzllssiallx,
412 3366 532 3431 Syllabas
552 3368 718 3430 complectens
731 3367 870 3430 praecipuos
888 3373 979 3418 nmtrae
994 3365 1078 3416 oetatls
1088 3379 1197 3428 omres.

221 3448 263 3508 td,
279 3450 320 3506 ll,
334 3448 375 3498 lt.
482 3455 489 3467 ‘
606 3503 608 3512 Ι
704 3451 706 3465 ’
