2604 4264
446 271 519 317 Plus
541 271 705 319 senentis.
1010 276 1061 323 tet

80 415 175 463 mum
186 401 294 460 erecta
308 397 437 458 fuerunt
448 393 481 454 in
495 393 629 472 gratiam
644 395 845 472 clericorum,
865 401 901 459 ut
912 396 1065 462 haberent

82 498 208 561 reditus
222 495 256 556 in
269 477 451 569 mercedem
460 490 618 556 laborum.

122 593 221 656 Proh.
233 597 264 654 2.
279 593 326 652 Ex
339 589 476 653 textibus
489 589 703 651 Decretalium
715 593 748 651 et
762 591 896 653 Consilii
907 592 1066 654 'tridenti-

80 691 130 768 ni,
156 690 271 770 quibus
289 687 407 750 dicitur
430 686 596 763 clericum,
617 687 672 766 qui
694 679 762 748 suis¹
777 689 890 750 officiis
913 690 1063 768 fungitur,

79 790 192 852 iacere
206 787 321 869 fructus
334 803 422 862 suos,
434 786 537 846 lacere
553 789 659 847 autem
671 785 793 848 fructus
815 805 899 864 suos,
917 787 1006 849 idem
1020 791 1066 849 est

83 903 126 948 ac
140 885 326 948 eorumdem
340 882 517 945 dominium
530 882 660 960 plenum
671 882 845 960 acquirere.

128 982 223 1044 Proh.
239 985 269 1045 3.
285 984 386 1042 Nemo
398 980 559 1058 cogendus
572 984 620 1041 est
634 979 674 1040 ad
688 981 923 1043 restitutionem
935 981 1067 1059 alicujus

84 1080 148 1158 rei,
171 1080 232 1140 nisi
254 1082 379 1141 constet
399 1094 469 1138 eam
484 1093 552 1138 esse
572 1077 725 1153 alienam;
750 1079 837 1157 atqui
861 1096 926 1140 non
945 1082 1068 1140 constat

86 1177 295 1239 beneficiatos
310 1193 349 1237 ex
375 1176 445 1254 lege
465 1173 598 1254 justitiae
617 1174 751 1252 obligari
776 1177 815 1235 ad
838 1181 961 1253 partem
983 1175 1069 1236 redi·

85 1282 182 1338 tuum
200 1274 338 1336 dandam
361 1271 463 1334 alteri.
486 1273 595 1349 Neque
617 1271 651 1331 id
672 1275 797 1333 constat
827 1287 865 1332 ex
893 1271 1069 1332 intentione

87 1372 236 1436 fidelium
250 1373 304 1452 qui
316 1370 401 1432 bona
414 1387 469 1430 sua
484 1370 641 1430 dederunt
661 1369 791 1447 quidem
807 1385 881 1430 cum
899 1386 966 1446 spe,
984 1369 1068 1447 quod

88 1473 289 1549 superfluum
300 1468 333 1528 in
344 1483 498 1548 pauperes
511 1471 593 1528 esset
605 1466 813 1544 erogandum,
826 1482 890 1526 non
908 1482 983 1527 vero
996 1482 1070 1527 cum

87 1572 182 1630 certa
198 1565 399 1644 obligatione.
416 1567 525 1642 Neque
537 1564 570 1624 id
585 1567 709 1624 constat
727 1579 765 1624 ex
778 1563 940 1642 voluntate
958 1561 1071 1624 Eccle-

89 1665 167 1740 siae3
192 1663 336 1741 nuspiam
356 1663 390 1722 in
406 1661 580 1722 canonibus
598 1659 681 1721 clare
703 1660 889 1738 explicatur,
912 1661 998 1739 quod
1013 1661 1070 1722 Ec·

89 1761 190 1825 clesia
202 1759 327 1824 clericis
339 1757 527 1838 imposuerit
541 1757 769 1837 obligationem
779 1757 933 1839 justitiae(
954 1757 975 1837 ).

166 1973 281 2033 Qunsrro
293 1974 327 2022 3¹.
340 1995 371 2007 —
380 1969 505 2029 Quouono
515 1981 542 2016 m
557 1979 632 2016 rnrxr
642 1980 760 2019 cremore
772 1981 814 2018 uri
827 1981 909 2018 rossrr
922 1981 996 2018 nonis

478 2067 686 2108 renunciamus.

135 2241 159 2300 l.
190 2236 339 2313 Clericus,
368 2236 514 2298 deductis
529 2235 621 2298 bonis
644 2234 919 2316 patrimonialibus
934 2240 966 2298 et
985 2236 1075 2315 quasi

92 2335 382 2417 patrimonialibus,
406 2334 510 2396 videat
523 2335 633 2413 quanti
655 2335 719 2397 sint
742 2336 862 2397 fructus
885 2334 939 2413 qui
957 2334 1077 2396 intuitu

92 2432 244 2496 beneficii
255 2434 381 2508 dantur,
394 2432 538 2493 deductis
551 2432 669 2510 pariter
679 2433 824 2512 expensis
836 2437 866 2494 et
879 2433 1014 2494 damnis.
1029 2434 1074 2494 le

93 2533 193 2594 altera
215 2535 305 2610 parte
328 2531 443 2606 videat,
463 2536 617 2610 quantum
637 2532 771 2594 clericus
788 2531 854 2610 ejus
879 2529 1073 2592 conditionis
1126 2520 1129 2529 ’

94 2629 239 2708 indigeat
255 2645 313 2706 pro
335 2628 470 2689 honesta
489 2628 728 2705 sustentatione,
753 2624 929 2692 secundum
951 2641 1075 2687 morem

94 2725 208 2805 patriae
232 2729 265 2787 et
279 2725 405 2804 praxim
425 2725 663 2801 timoratorum;
691 2731 722 2788 et
736 2725 828 2786 facile
845 2721 1076 2802 deprehendet,

96 2840 134 2884 an
150 2823 232 2902 quid
247 2823 387 2885 notabile
401 2823 537 2901 supersit
550 2841 614 2884 suae
633 2821 864 2884 sustentationi.
885 2821 1004 2897 Regula
1027 2834 1078 2896 ge·

97 2921 218 2982 naralis
237 2921 331 2982 statui
351 2919 479 2999 nequit;
495 2921 550 2982 sed
564 2919 757 2983 attendenda
769 2923 817 2980 est
832 2915 965 2995 qualitas
983 2913 1079 2977 bene·

96 3017 176 3094 licii,
191 3018 266 3092 loci,
282 3023 313 3079 et
327 3035 483 3097 personae.

134 3117 179 3176 ΙΙ.
195 3115 335 3177 Clericus
347 3133 385 3177 ex
400 3114 567 3193 supcrlluis
582 3117 687 3192 potest
701 3108 1007 3189 consanguineorum
1022 3110 1078 3170 de·

97 3211 169 3276 bita
182 3214 320 3288 solvere;
343 3231 396 3275 eos
411 3215 520 3294 juvare
541 3216 577 3273 ut
590 3212 765 3273 secundum
785 3207 964 3270 decentiam
980 3213 1078 3270 status

96 3312 146 3372 sui
161 3311 265 3372 vivere
275 3312 408 3390 possint,
418 3310 695 3374 nontamenillum
709 3310 748 3369 ad
764 3307 917 3386 majorem
930 3308 1080 3385 splendo-

97 3426 171 3472 rem
182 3409 343 3485 attollere3
354 3411 475 3488 puellas
486 3409 597 3488 inopes
612 3408 739 3482 dotare;
762 3407 926 3469 moderata
939 3403 1080 3469 convivia

130 3605 165 3670 (ι)
179 3605 331 3658 Benedictus
345 3607 410 3671 XIV,
422 3607 453 3658 de
462 3606 563 3673 synodo
574 3607 724 3672 dioecesana,
734 3607 777 3660 lib.
793 3606 846 3670 llll,
856 3583 914 3671 cap.
926 3620 954 3656 u.

225 3703 261 3753 11.
944 3700 977 3748 1⁰
