2604 4264
454 301 528 346 enas
549 301 715 350 saltemus.
1023 303 1074 351 179

95 416 352 497 permutantium
376 416 545 479 utilitatem
570 419 679 495 talem,
708 437 780 498 quae
805 419 899 482 cedat
922 419 956 480 in
976 421 1076 500 ipsius

95 515 251 578 Ecclesiae
268 517 454 578 utilitatem.

403 713 449 762 lll.
462 713 542 764 -··De
554 713 717 764 uanslstione
731 713 776 776 (l).

137 869 163 928 1.
177 865 260 928 Illius
275 866 362 928 notio.
376 899 415 913 -
429 868 605 930 'translatio
626 874 674 931 est
692 869 825 931 mutatio
840 871 948 932 clerici
960 871 1000 932 ab
1017 889 1080 933 una

92 965 235 1026 ecclesia
261 965 302 1025 ad
327 965 433 1042 aliam,
463 966 636 1044 superioris
667 968 854 1029 auctoritate
881 967 922 1029 ob
948 985 1078 1030 causam

92 1061 246 1124 utilitatis
264 1067 318 1124 aut
338 1063 534 1125 necessitatis
553 1066 647 1126 facta.
669 1065 840 1143 Spectatur
851 1070 919 1126 tum
934 1067 1072 1129 maxime

93 1159 130 1220 in
143 1161 326 1240 Episcopis,
342 1167 410 1222 tum
424 1162 457 1223 in
472 1161 669 1224 beneficiatis
683 1162 898 1224 interioribus.

136 1259 374 1337 Episcoporum
397 1259 618 1343 translationes
636 1259 819 1338 improbant
841 1259 965 1340 antiqui
980 1275 1074 1321 cano·

96 1372 155 1418 nes
167 1377 176 1430 3
190 1358 245 1418 sed
257 1357 319 1419 hoc
327 1358 371 1418 ita
385 1359 629 1438 intelligendum
639 1364 697 1435 est,
711 1358 772 1418 nisi
784 1358 869 1437 justa
878 1357 962 1420 adsit
974 1375 1078 1420 causa.

95 1455 172 1516 Non
196 1455 283 1515 enim
298 1456 411 1517 desunt
425 1457 569 1534 exempla
583 1456 815 1544 Episcoporum
832 1455 949 1534 pietate
963 1461 994 1518 et
1008 1458 1082 1520 doc·

94 1550 187 1612 trina
211 1551 439 1628 praestantium,
458 1553 511 1632 qui
542 1552 584 1614 ob
597 1553 769 1614 utilitatem
795 1554 938 1616 ecclesiae
953 1554 1079 1632 episco·
1131 1611 1134 1615 .

97 1652 218 1727 patum
232 1653 407 1711 mutarunt.

142 1746 182 1806 Π.
204 1745 406 1808 Gonditiones
424 1745 587 1823 requisita
603 1746 643 1806 ad
670 1746 806 1806 validam
828 1745 1079 1808 translationem.

141 1843 173 1902 l.
200 1841 385 1920 Requiritur
409 1842 493 1924 justo
516 1861 605 1904 eausa
629 1843 837 1904 'necessitatis
866 1844 914 1904 vel
937 1843 1083 1904 utilitatis

99 1940 265 2004 Ecclesiae.
285 1941 461 2020 Episcopus
474 1941 666 2003 transfertur
683 1941 828 2002 utilitatis
848 1959 952 2016 causa,
969 1942 996 2002 si
1008 1943 1085 2004 alta·

99 2038 167 2100 rius
180 2039 325 2102 ecclesia
339 2038 488 2118 regimini
504 2038 617 2100 utilior
635 2038 809 2114 habeatur;
830 2056 926 2101 causa
946 2039 1087 2101 necessi·

102 2136 190 2212 tatis,
205 2135 231 2198 si
243 2135 311 2216 ipse
326 2138 446 2216 populo
458 2137 493 2196 in
507 2136 619 2198 odium
638 2136 789 2200 acerbum
802 2138 934 2199 venerit.

146 2237 177 2296 2.
193 2235 374 2316 Requiritur
397 2234 564 2296 auctoritas
588 2235 725 2315 legitimi
744 2234 928 2313 superioris.
958 2235 1083 2298 Bened-

103 2332 207 2396 ciatos
219 2333 358 2396 minores
376 2333 588 2396 transterendi
609 2335 749 2412 potestas
764 2349 861 2411 penes
876 2332 1081 2394 Ordinarium

105 2434 173 2505 est;
200 2432 254 2493 sed
268 2432 491 2494 translationes
507 2431 746 2510 Episcoporum
769 2437 978 2494 numerantur
996 2431 1082 2493 inter

100 2527 215 2591 ‘causas
227 2530 362 2608 maiores
375 2547 446 2609 quas
459 2531 592 2592 Summo
607 2528 754 2591 Pontifici
768 2534 982 2592 reservantur.

145 2629 176 2690 3.
195 2627 371 2688 'translatio
390 2617 427 2689 rt
450 2627 637 2707 regulariter
651 2644 726 2691 cum
741 2644 898 2690 consensu
912 2627 1008 2699 illius,
1027 2624 1081 2700 qui

107 2726 343 2788 transferendus
356 2730 411 2789 est.
433 2727 480 2788 Ad
491 2725 667 2806 Episcopus
687 2727 773 2805 quod
789 2725 912 2796 attinet,
932 2725 1083 2784 Summus

108 2822 252 2886 Pontifex
269 2828 374 2902 potest
393 2823 525 2904 quidem
548 2824 712 2888 duculum
734 2839 807 2885 cum
828 2820 927 2899 priori
949 2816 1084 2879 ecelesia

109 2937 248 2984 excausa
262 2921 359 3001 gravi,
371 2922 468 2984 ctiam
479 2921 579 2984 invito
587 2922 758 3000 Episcopo,
770 2918 953 2980 dissolvere.
964 2918 1084 2978 Verum

111 3024 146 3082 ut
165 3021 332 3085 translatus
356 3019 446 3082 alteri
471 3020 615 3084 ecclesiae
640 3020 798 3097 alligetur,
817 3015 902 3076 illius
922 3029 1084 3076 consensu

112 3134 188 3196 opus
216 3135 285 3180 essa
305 3119 444 3193 videtum
468 3119 523 3178 sed
551 3134 637 3193 casu,
661 3135 725 3196 quo
741 3113 906 3194 publicum
929 3111 1082 3174 Ecclesia

112 3213 229 3276 bonum
248 3215 406 3296 ejusmodi
425 3214 665 3278 translationem
684 3213 793 3292 exigit,
810 3212 978 3278 translatus
994 3214 1086 3273 tene·

113 3317 162 3374 tur
186 3314 378 3390 consentire,
406 3318 438 3376 et
460 3312 486 3374 si
510 3311 600 3387 nolit,
622 3310 723 3391 peanis
742 3307 892 3388 compelli
911 3311 1028 3387 potest,
1050 3311 1085 3370 ut
1144 3329 1147 3345 ·

112 3411 285 3475 consentiat
313 3410 368 3492 (t).
398 3413 547 3474 Attamen
579 3409 667 3488 iuxta
692 3407 849 3486 vigentem
885 3405 1085 3486 disciplinam

143 3568 173 3632 (1)
183 3568 357 3618 Decretalium
378 3568 421 3620 lib.
433 3568 455 3629 1,
464 3553 512 3618 tit.¹
521 3579 567 3629 vu,
579 3565 610 3616 de
623 3563 807 3621 Translaticne.

145 3649 174 3710 (t)
188 3647 418 3710 senmatzgrueter,
430 3646 469 3700 tit.
481 3644 718 3699 defraudatione.
