2590 4262
444 309 518 355 PARS
540 309 704 352 sanctatis.
1014 311 1062 356 etl

89 425 161 486 dem
176 440 305 484 causam
320 422 456 484 devolvit
475 425 515 486 ad
532 424 673 504 judicem
689 425 897 505 superiorem,
913 447 978 490 non
991 445 1065 490 vero

89 519 225 601 impedit
236 519 455 582 executionem
468 521 645 585 sententiae.
1056 573 1063 578 .

129 621 290 698 Respecto
322 617 481 680 rationum
520 621 633 699 quibus
666 621 829 697 innititur,
863 621 1065 702 distinguitur

90 716 261 795 appellatio
272 716 443 796 lepz'timaet
454 717 615 798 illegitima.
631 720 810 800 Appellatio
821 719 1066 800 legitimainter-

84 812 200 893 jicitur
215 832 251 876 ex
264 813 446 876 rationabili
462 833 565 878 causa.
580 817 760 896 Appellatio
774 817 940 897 illegitima
954 817 1069 880 dicitur

96 911 218 990 frivola,
232 911 257 972 si
272 931 308 974 ex
321 911 382 972 levi
399 929 492 974 causa
513 911 752 992 interponatur;
773 914 888 976 dicitur
906 915 1069 995 (castrata-

93 1009 152 1084 rla,
170 1010 196 1068 si
211 1010 264 1071 fiat
276 1014 399 1070 tantum
414 1011 453 1069 ad
467 1010 658 1072 solutionem
673 1011 930 1090 protrahendam.

443 1218 664 1275 ARTICULUS
682 1221 711 1274 11

356 1384 389 1421 nr
405 1384 555 1422 recurrere
575 1385 740 1424 serrarium
754 1369 799 1440 (l).

135 1533 161 1592 1.
181 1531 239 1605 Oai
250 1530 398 1610 appellare
408 1531 526 1610 possint,
543 1532 590 1591 ael
601 1540 753 1610 nequeant.

137 1626 333 1706 Regulariter
355 1628 514 1706 appellare
539 1633 673 1706 possunt
696 1628 750 1705 qui
778 1645 811 1689 se
837 1631 979 1706 gravatos
1003 1642 1069 1688 esse

97 1723 297 1800 existimant3
313 1726 447 1804 proinde
466 1742 530 1787 non
545 1727 649 1787 solum
672 1724 735 1800 ille,
758 1731 867 1788 contra
884 1743 978 1803 quem
1000 1741 1071 1786 scn-

97 1821 198 1885 tentia
215 1823 324 1896 fertur,
341 1824 393 1883 sed
410 1822 506 1885 etiam
522 1841 633 1885 omnes
647 1840 784 1902 quorum
803 1823 934 1885 interest
947 1828 1072 1884 sentcn-

96 1921 173 1984 tiam
187 1921 337 1983 revocari.

135 2021 305 2100 Appellare
329 2018 441 2097 nequit
466 2019 519 2080 ille
546 2020 600 2100 qui
631 2020 820 2081 sententiam
849 2036 994 2097 expressa
1025 2020 1073 2080 vel

99 2119 195 2180 tacite
220 2116 416 2196 approbavit,
446 2116 529 2178 intra
556 2121 682 2195 tempus
711 2133 898 2178 concessum
922 2134 988 2178 non
1016 2134 1074 2196 ap-

98 2215 263 2293 pelland03
285 2214 339 2292 qui
358 2214 418 2276 luit
435 2214 475 2275 ob
498 2214 732 2290 contumaciam
753 2205 1000 2288 condemnatus3
1019 2214 1073 2292 qui

97 2310 202 2372 tribus
218 2311 434 2372 conformibus
454 2312 618 2373 sententiis
634 2314 800 2372 damnatus
818 2318 873 2373 est.

139 2411 177 2471 II.
200 2408 307 2483 (lullae
321 2409 351 2468 lo
365 2409 457 2468 causis
469 2408 555 2470 aletae
572 2409 618 2470 ael
632 2428 689 2469 aaa
703 2407 789 2470 aletae
803 2408 970 2489 appellatio.

137 2507 336 2586 Regulariter
350 2507 383 2565 in
397 2507 544 2568 omnibus
562 2508 663 2570 causis
678 2508 837 2586 appellare
853 2508 937 2568 licet.
956 2504 1075 2582 Appel-

98 2605 175 2667 latio
190 2621 255 2666 non
269 2604 449 2665 admittitur
466 2605 500 2665 in
518 2605 642 2667 delictis
659 2604 804 2681 notoriis,
818 2621 921 2682 neque
936 2603 970 2662 in
984 2615 1076 2660 causa

99 2704 184 2764 illius
212 2703 265 2781 qui
294 2703 388 2763 simul
414 2703 575 2764 confessus
599 2709 631 2765 et
657 2703 819 2764 convictus
846 2707 903 2775 est,
926 2711 1029 2774 neque
1058 2712 1075 2754 a

101 2800 333 2878 sententiaque
349 2818 420 2861 reus
436 2802 667 2870 condemnatur
681 2803 720 2861 ad
735 2815 863 2878 poenam
878 2799 947 2872 lege
963 2791 1072 2853 defini·

101 2904 177 2975 tam,
191 2915 297 2977 neque
315 2899 348 2958 in
365 2899 614 2974 metationibus,
631 2901 728 2960 moda
743 2901 894 2978 executor
907 2909 972 2952 non
987 2906 1077 2951 exce-

102 2998 156 3058 dat
171 2997 289 3058 limites
304 2997 456 3057 mandati.

140 3095 193 3155 111.
214 3093 252 3154 Ia
268 3094 373 3175 quibas
390 3093 483 3154 causis
499 3091 658 3174 appellatio
674 3089 852 3151 condoleat
868 3086 1003 3166 effectam
1016 3103 1078 3144 aas-
1124 3101 1127 3111 ·

99 3191 260 3272 pensabam.
315 3176 317 3184 ¹

141 3293 211 3352 Duo
226 3290 403 3369 praesertim
422 3292 495 3349 sunt
513 3302 679 3347 causarum
699 3300 824 3364 genera,
841 3282 873 3341 in
891 3280 1006 3359 quibus
1024 3296 1080 3358 ap·

103 3388 233 3466 pellatia
248 3406 313 3449 non
332 3385 498 3466 suspendit
516 3384 736 3446 executionem
756 3379 930 3442 sententia.
947 3379 995 3440 Ad
1016 3377 1081 3456 pri·

104 3501 193 3546 mum
211 3501 309 3563 genus
327 3484 488 3564 pertinent
508 3479 673 3543 sententia
692 3478 807 3559 quibus
824 3476 929 3556 aliqua
950 3489 1081 3537 censura

140 3661 172 3724 tl)
191 3661 417 3722 Scbmalzgraebcr‚
429 3661 475 3708 las
488 3658 694 3720 ecclesiasticum,
705 3655 748 3706 lib.
760 3655 792 3714 ll,
805 3656 843 3704 tit.
856 3667 946 3702 xxvrn.
