2590 4262
729 229 747 260 ἱ

222 321 273 370 sss
376 305 534 367 sxrosrmo
556 319 734 366 unruomce
755 321 838 366 sums
860 321 1015 368 canorum.

245 532 363 592 Qcmro
374 533 412 581 2⁸.
429 555 460 568 -
470 530 509 580 De
517 541 735 580 conculcaremus
745 541 865 580 nmmos
879 543 930 578 corr
942 540 1170 578 mconommms.

256 702 281 754 l.
303 697 434 754 Facultas
446 697 684 753 communicandi
697 711 766 753 cum
779 697 1038 753 excommunicatis
1058 695 1201 753 toleratis.

252 791 280 842 2.
302 785 444 857 obligatio
466 786 577 842 vitandi
591 781 887 843 communicationem
912 801 980 843 cum
1000 786 1204 842 excommuni-

216 876 291 948 catis¹
301 891 360 931 non
376 874 515 931 toleratis.

252 968 279 1021 3.
299 964 390 1036 liujus
405 963 477 1034 legis
491 963 612 1034 sanctio,
625 978 676 1019 seu
690 961 951 1019 excommunicatio
964 962 1073 1018 minor.

277 1171 298 1217 l.
315 1166 435 1218 Facultas
446 1165 647 1217 communicandi
664 1179 720 1216 cum
735 1164 958 1216 excommunicatis
971 1163 1083 1214 toleratis
1097 1165 1140 1226 (ll.

255 1335 280 1395 l.
309 1334 477 1395 Distinctio
501 1333 585 1394 iuter
601 1333 895 1395 excommunicatos
915 1333 1068 1395 toleratos
1090 1336 1124 1393 et
1152 1331 1198 1394 vi-

215 1431 326 1491 tandos
354 1431 485 1491 inducta
509 1434 556 1492 est
585 1429 748 1492 allartino
771 1432 798 1492 V
819 1430 854 1491 in
880 1430 1019 1492 concilio
1041 1431 1201 1492 Constan-

216 1526 308 1588 tiensi
331 1525 382 1605 (l).
412 1525 537 1587 Fideles
558 1527 655 1589 hodie
681 1531 814 1606 possunt
840 1525 928 1589 licite
955 1525 1199 1590 communicare

125 1665 127 1668 -
214 1640 288 1685 oum
299 1623 584 1685 excommunicatis
593 1622 753 1702 omnibus,
768 1625 909 1703 exceptis
920 1623 1198 1698 duobusoasihns‚
1293 1639 1294 1700 4

213 1735 330 1797 nempe
350 1719 375 1780 si
390 1720 583 1782 nominatim
597 1721 727 1801 publice
750 1722 979 1785 denuntientur
998 1739 1054 1800 per
1069 1726 1200 1783 senten·
1293 1727 1294 1730 ’

213 1814 292 1877 tiam
303 1816 433 1895 judicis,
450 1819 498 1879 vol
513 1819 540 1878 si
561 1818 624 1880 sint
638 1819 756 1882 notorii
774 1836 976 1899 percussores
990 1820 1197 1882 elericorum.

213 1914 323 1975 Nullus
337 1920 446 1976 tamen
469 1917 556 1978 lavor
581 1916 659 1996 ipsis
684 1917 997 1979 excommunicatisa
1018 1916 1199 1979 MartinoV

214 2027 382 2075 concessus
397 2018 456 2090 est,
473 2019 508 2075 ut
522 2015 743 2077 communioni
755 2014 900 2077 fidelium
915 2032 948 2077 se
963 2014 1108 2094 ingerere
1120 2033 1201 2094 pos-

214 2109 292 2174 sint.

251 2205 289 2266 ΙΙ.
306 2205 351 2266 Ex
374 2207 434 2268 ista
448 2208 679 2271 constitutione
702 2209 882 2272 inferuntur
897 2210 988 2290 plura
1003 2207 1195 2270 corollaria:

252 2301 368 2380 Primo,
385 2304 495 2367 fideles
514 2325 533 2368 a
550 2309 716 2369 sacerdote
729 2307 1007 2369 excommunicato
1025 2308 1192 2385 postulare

213 2405 345 2476 possunt
359 2408 631 2465 sacramentorum
645 2405 966 2466 administrationem.

250 2495 392 2573 Secundo,
406 2502 698 2563 excommunicatus
712 2503 865 2592 toleratus
880 2507 1078 2564 sacramenta
1087 2500 1194 2562 valide

212 2595 432 2656 administrare
447 2601 562 2673 potest,
578 2598 703 2674 quoties
713 2599 746 2658 id
762 2599 882 2678 petitur
896 2615 914 2658 a
929 2597 1089 2659 fidelibus.

255 2691 361 2767 Tereo,
382 2693 673 2756 excommunicatus
692 2696 856 2772 toleratus,
882 2695 908 2755 si
935 2695 1115 2757 divinorum
1134 2694 1196 2754 ad-

211 2789 436 2851 ministrationi
452 2807 486 2851 se
497 2790 620 2870 ingerat
634 2791 702 2854 sine
713 2793 868 2870 petitione
883 2791 1040 2869 fidelium,
1053 2792 1194 2870 graviter

211 2891 336 2965 peccat.

243 3085 267 3132 2.
279 3083 407 3132 Prohibita
416 3084 609 3134 communicatio
625 3099 682 3134 cum
694 3083 913 3135 excommunicatis
929 3098 978 3135 nou
992 3087 1105 3135 toleratis
1120 3087 1161 3147 (3).

248 3237 270 3296 l.
288 3238 410 3300 Fideles
422 3243 572 3302 tenentur
585 3241 684 3302 vitare
699 3240 1027 3302 communicationem
1043 3255 1119 3301 cum
1133 3255 1191 3300 ex-

210 3334 451 3399 communicatis
463 3356 529 3400 non
544 3339 697 3415 toleratis,
713 3339 821 3420 quales
832 3344 906 3399 sunt
917 3337 1126 3417 personaliter
1138 3338 1192 3398 de·

240 3506 272 3566 (1)
284 3507 406 3566 Meschoi,
418 3508 593 3560 institutiones
598 3511 670 3575 juris
679 3511 800 3572 cononici,
810 3511 853 3559 lib.
869 3511 899 3571 V,
913 3511 955 3559 tit.
971 3521 1059 3558 xxxix.

242 3585 274 3646 (2)
288 3585 390 3634 Martini
404 3586 424 3636 V
441 3595 519 3636 const.
536 3589 576 3637 Ad
585 3591 704 3640 evitanda
718 3590 848 3639 scandolo·

239 3665 271 3726 (³)
286 3664 382 3715 Giraldi
394 3673 418 3714 et
430 3666 649 3729 Schmnlzgrueber
664 3671 696 3718 ad
705 3673 748 3719 tit.
765 3683 857 3731 uuir,
877 3671 948 3720 inv
959 3667 1135 3718 Decretclium.
