2604 4264
238 309 290 356 162
406 307 564 354 EXPOSITIO
582 305 759 352 darnouwe
778 305 861 352 talus
884 303 1049 351 annorum.

235 423 384 502 imposita
416 422 510 486 tuisse
540 424 680 497 constat3
710 421 783 483 hino
812 421 934 500 reliqua
970 433 1137 482 concessa
1157 415 1223 494 jura

234 526 266 582 et
290 521 394 599 ipsum
420 521 470 598 jus
497 520 650 582 offerendi
678 519 831 580 clericum
862 519 901 578 ad
932 515 1144 579 beneficium
1176 530 1221 572 va·

126 625 128 630 '
234 636 320 681 cans.
345 618 523 680 Concilium
542 617 771 678 Arausieanum
796 617 809 680 1
835 615 930 695 (anno
951 613 1033 694 441)
1057 611 1219 691 Episcopis

234 713 267 774 in
281 714 382 776 aliena
396 714 524 776 dioeoesi
549 714 705 792 templum
728 713 959 779 edificantibus
975 711 1167 786 ‚concessit
1189 715 1219 773 ut

232 812 1216 892 clericospraeficiendospossentOrdinariopraesentare3qaod

233 910 444 987 praesentandi
464 909 515 988 jus
537 927 684 972 successu
699 908 853 987 temporis
877 910 917 970 ad
932 909 1040 970 laicos
1058 911 1216 968 extensum

232 1013 296 1070 est.
349 1063 351 1066 .
796 1023 797 1026 ’
963 1051 966 1056 -

160 1185 162 1190 ,
273 1106 302 1165 3.
319 1103 371 1164 Aul
382 1104 460 1164 illius
472 1105 688 1185 acquisitionem
707 1107 885 1168 referuntur
899 1109 968 1166 tum
993 1102 1093 1164 modi
1109 1101 1214 1181 quihus

231 1201 428 1280 originaliter
448 1203 624 1282 acquiritur,
644 1209 714 1264 tum
734 1203 821 1266 modi
845 1201 958 1282 quibus
975 1203 1017 1263 in
1030 1202 1115 1264 alios
1129 1208 1214 1262 trona-

230 1294 341 1377 fertur.

272 1397 318 1456 Ex
340 1395 441 1460 trihus
461 1395 562 1458 causis
585 1396 761 1475 aequiritur
782 1419 788 1460 :
810 1399 913 1477 prima
933 1401 981 1460 est
1003 1395 1153 1476 fundatio,
1168 1401 1210 1459 vel

230 1491 418 1566 constructi),
439 1493 486 1552 vel
507 1491 617 1554 dotatio
635 1495 789 1572 ecelesia,
810 1496 843 1556 in
858 1515 920 1576 qua
938 1494 1141 1556 beneficium
1155 1494 1209 1554 eri·

232 1589 325 1668 gitur.
341 1591 449 1652 Altera
467 1595 513 1651 est
527 1592 717 1672 praescriptio
729 1591 1002 1672 immemorialis(
1025 1591 1049 1670 ).

271 1684 333 1747 Alii
346 1691 419 1748 sunt
436 1686 524 1748 modi
538 1688 699 1751 derivativi
714 1689 828 1768 quibus
841 1692 892 1770 jus
906 1693 1100 1769 patronatus
1113 1693 1207 1750 trans·

232 1784 342 1857 fertur,
357 1801 473 1861 nempe
488 1787 634 1860 successio,
650 1788 697 1847 vel
713 1785 843 1856 donatio,
855 1789 903 1848 vel
910 1784 1114 1868 permutatio.

269 1883 299 1942 d.
310 1880 388 1940 lucu
400 1889 429 1942 ct
443 1881 630 1962 altiputioucs
637 1886 764 1964 patroni
773 1889 845 1946 sunt
860 1883 1083 1961 praesentatio,
1101 1883 1203 1954 honor,

228 1995 322 2052 onus,
340 1977 468 2042 utilitas.
827 2042 829 2047 .
1269 1981 1270 1984 '

270 2075 472 2154 Praeeipuam
488 2077 614 2156 patroni
627 2079 679 2157 jus
695 2083 742 2140 est
755 2077 882 2158 facultas
898 2075 1116 2158 praesentandi.
1129 2069 1203 2135 Reli-

231 2188 291 2248 qua
309 2179 515 2250 patronorum
532 2175 605 2254 jura
622 2174 770 2238 dicuntur
784 2174 955 2256 honorifico,
976 2176 1028 2236 vel
1047 2171 1148 2247 utilio,
1161 2170 1199 2230 rel

228 2284 360 2330 oneroso.

270 2364 346 2426 iura
362 2364 522 2446 honorifico
536 2374 610 2430 sant
625 2369 749 2448 dignior
761 2371 852 2432 sedes
866 2369 899 2430 in
923 2369 1080 2442 ecolesia;
1097 2379 1199 2445 praee

232 2459 339 2522 dentia
351 2481 418 2541 prae
433 2462 519 2526 laicis
534 2463 566 2526 in
581 2465 837 2543 processionibus
850 2488 858 2542 ;
876 2467 979 2529 honor
1005 2483 1100 2544 aqum
1117 2475 1200 2524 oene-

229 2558 336 2635 dictae,
351 2558 451 2620 thuris
469 2565 500 2622 et
512 2564 695 2638 sepulturae.

274 2655 367 2718 Utilia
379 2661 586 2734 patronorum
606 2659 677 2738 jura
703 2661 766 2723 duo
784 2667 866 2724 sunt.
889 2660 1034 2723 Primum
1049 2665 1109 2733 est,
1126 2654 1199 2736 quod

230 2758 380 2832 patronus
393 2752 492 2833 possit
507 2753 539 2816 in
554 2753 621 2833 ipsa
639 2757 825 2836 fundatione
840 2757 900 2820 sibi
915 2761 1116 2821 moderatam
1129 2771 1197 2834 pen·

229 2851 352 2914 sionem
365 2869 536 2915 reservare.
560 2854 705 2914 Alterum
724 2861 771 2916 est
782 2855 833 2934 jus
846 2855 1073 2940 alimentorum
1085 2855 1119 2917 in
1136 2865 1198 2914 oasu

231 2967 294 3026 quo
305 2955 457 3028 patronus
471 2953 509 3012 ad
525 2949 667 3030 inopiam
679 2952 885 3032 redigeretur.

268 3045 346 3106 Juru
359 3067 477 3110 oneroso
492 3056 565 3112 sunt
582 3051 635 3129 jus
655 3050 848 3115 detensionis
861 3058 892 3114 et
911 3051 1083 3131 vigilantiae
1098 3049 1129 3110 in
1141 3060 1198 3108 reo

230 3147 295 3200 tam
325 3145 631 3214 administrationem
657 3148 815 3212 honorum
848 3149 990 3212 ecelesia
1020 3147 1193 3230 patronatu.

231 3238 375 3300 Patronis
392 3260 468 3310 ¹vero
486 3263 551 3308 non
572 3246 728 3325 competit
743 3248 810 3326 ipsa
824 3247 1066 3311 administratio.

259 3334 346 3394 ,dum
360 3335 470 3400 ultimo
483 3342 637 3419 ejusmodi
653 3343 759 3409 officio
782 3346 960 3426 analogiam
975 3347 1072 3410 habel
1085 3340 1191 3403 aduoca-

227 3429 271 3492 tio
293 3447 349 3492 seu
377 3433 517 3496 defensio
549 3457 611 3516 qua
636 3439 809 3520 principes,
841 3445 1021 3520 postulante
1051 3434 1190 3508 Ecclesia,

260 3635 294 3700 (ι)
304 3636 415 3698 russas,
428 3636 460 3686 ce
470 3638 609 3713 reuerso,
619 3616 720 3692 asseri
732 3644 773 3692 1v.
