2590 4262
248 269 301 314 238
408 267 566 313 Exeoslrlo
587 263 763 322 METRODIGA
785 263 868 309 suuis
890 232 1048 308 cunamen
1153 317 1156 324 Ι
1255 268 1256 293 t

249 389 328 464 falsi,
358 388 468 466 rapina
494 392 526 449 et
548 387 679 458 lurtum,
706 401 809 446 usura.
840 386 884 444 De
913 383 953 443 iis
980 382 1108 478 disserit
1131 382 1208 444 theo·
1256 452 1257 464 χ

249 488 331 565 logia
345 487 402 568 (l).

465 678 517 742 52.
533 705 563 716 -
576 676 685 730 Delicta
698 677 815 743 propria
833 676 1009 728 elericorum.
1081 717 1084 722 .

285 829 548 915 Delicta‘propria
565 835 757 897 elericorum
779 835 828 896 vel
847 831 1097 906 inimicantem,
1116 833 1160 892 vel
1176 833 1210 910 ip·

248 950 355 994 sorum
368 931 474 1013 officiis
484 933 698 993 adversantur.

287 1033 311 1092 l.
333 1028 437 1090 Stalai
453 1028 585 1089 clericali
602 1037 767 1109 repupnant
789 1031 817 1089 l.
838 1027 997 1108 Apostasia
1017 1026 1175 1100 clericatus,
1189 1033 1211 1085 et

250 1127 395 1210 apostasia
410 1125 611 1187 monachatus.
627 1129 788 1204 Apostatae
811 1127 918 1188 cleriei
937 1128 970 1186 in
992 1125 1163 1204 majoribus
1176 1142 1211 1186 or-

249 1227 375 1288 dinibus
406 1225 572 1288 constituti
597 1226 677 1284 fiunt
702 1225 900 1303 irregulares
929 1224 1086 1285 amittunt
1108 1223 1212 1301 privile·

249 1324 336 1402 gium
351 1323 491 1397 canonis,
509 1328 539 1381 et
553 1321 579 1380 si
596 1320 836 1381 matrimonium
853 1321 1092 1395 attentaverint,
1108 1337 1211 1382 ercom-

249 1419 471 1483 municantur.
495 1416 655 1497 Repnlares
682 1421 834 1495 apostatem
862 1419 1026 1495 privantur
1059 1416 1211 1495 privilegiis

170 1551 173 1558 ,
250 1517 370 1580 ordinis
390 1515 449 1589 sui,
468 1521 499 1576 et
518 1514 642 1594 abjecto
663 1514 775 1577 habitu
795 1516 944 1577 monaehi
969 1514 1210 1576 excommunica·
1262 1555 1263 1574 .

250 1615 369 1675 tionem
382 1612 558 1673 incurrunt.

288 1713 318 1770 2.
350 1710 569 1788 'transgressio
596 1710 703 1788 legum
728 1708 902 1769 honestatem
935 1708 1101 1770 clericalem
1131 1707 1211 1786 respi-

250 1806 401 1869 cientium
429 1805 521 1866 veriis
543 1808 645 1884 poenis
666 1824 684 1867 a
705 1808 774 1886 lege
797 1808 922 1868 statutis
942 1808 990 1868 rel
1008 1806 1141 1868 arbitrio
1155 1805 1213 1882 Epi·

248 1902 335 1983 scopi
349 1904 550 1982 imponendis
566 1905 762 1983 reprimitur.

288 2003 325 2062 ΙΙ.
349 1999 581 2082 Oblipationibus
601 2000 637 2061 ab
656 2000 756 2082 officio
769 1999 958 2062 ecclesiastico
973 2001 1212 2082 pendentibasre·

250 2103 412 2176 pugnant:

288 2199 315 2257 l.
339 2195 486 2256 Encessas
501 2195 696 2276 praelatorum
714 2194 955 2272 atsubditorum,
979 2198 1057 2258 dum
1078 2197 1122 2258 illi
1133 2195 1211 2275 juris·

249 2291 396 2354 diationis
410 2311 473 2354 suae
491 2292 608 2354 limites
623 2298 734 2355 eontra
754 2293 898 2356 subditos
919 2297 1092 2371 excedunt,
1109 2291 1210 2354 subditi

249 2407 322 2450 vero
336 2389 476 2452 debitam
491 2389 630 2468 praelatis
643 2388 873 2469 subjectionem
888 2392 1056 2470 denegant.

286 2489 315 2545 2.
332 2483 447 2545 Abasas
465 2485 643 2544 sacramenti
656 2484 863 2561 Paenitentia,·
874 2486 936 2546 huo
951 2492 1137 2549 revocantur
1149 2486 1211 2546 irno-

249 2581 295 2643 tio
309 2567 404 2661 sigilli
425 2582 671 2656 sacramentalis,
695 2582 875 2644 sollicitatio
901 2584 940 2644 ed
956 2585 1072 2663 turpia,
1090 2590 1120 2646 et
1138 2580 1212 2643 abso-

245 2678 330 2741 lutio
344 2679 512 2757 complicis
525 2679 557 2738 in
574 2684 709 2758 peceato
724 2679 820 2756 turpi.

571 2900 845 2972 DISSERTATIO
869 2905 899 2971 Il

522 3091 562 3134 DE
583 3090 682 3137 POENIS
704 3090 944 3138 Etctnsrnsrtcls.

284 3248 372 3303 Garun
386 3251 406 3303 l.
434 3252 472 3306 De
486 3253 578 3322 poenis
590 3243 620 3308 in
634 3235 752 3324 genere.

285 3335 373 3391 Garun
387 3339 420 3394 ll.
436 3340 475 3394 lie
487 3341 579 3412 poenis
591 3342 622 3398 in
632 3343 738 3414 specie.

278 3512 310 3570 (1)
326 3513 437 3642 pependi,
456 3514 641 3569 Commentario
657 3520 682 3568 in
697 3519 744 3582 jas
761 3517 964 3581 ecclesiasticum,
980 3527 997 3568 t.
1018 3523 1059 3582 lv,
1073 3535 1129 3582 pars
1140 3520 1156 3580 l,
1167 3515 1206 3565 d'u·

249 3598 308 3642 sert.
364 3627 371 3641 .
583 3598 585 3602 ’
