2618 4252
494 299 566 345 PARS
589 300 753 350 sanctatis.

479 512 699 570 nnnlcnnns
718 516 763 571 ΙΙΙ

416 667 556 708 outlafflo
577 668 814 715 concertationum

165 818 181 881 ἓ
196 819 221 872 t.
243 817 282 871 De
294 789 474 871 concordatis
486 814 541 870 rite
555 814 702 872 ineundis.

165 907 222 969 §a
242 905 281 959 De
296 902 446 959 effectibus
459 901 709 960 concordatorum.

165 995 220 1060 §3-
239 993 279 1048 De
292 989 470 1048 concordatis
484 990 710 1063 interpretandis
723 1007 756 1051 ac
766 995 977 1055 rescindendis.

288 1193 304 1258 fi
323 1192 402 1244 1.-
421 1191 459 1245 lte
480 1191 658 1246 concordatis
681 1192 736 1245 rite
754 1192 886 1248 ineundis
906 1197 949 1261 (1).

167 1352 193 1413 Ι.
211 1350 299 1412 Sicut
320 1349 527 1429 privatarum,
548 1349 640 1413 itaet
657 1351 845 1414 societatum
861 1358 952 1432 pacta
969 1355 1106 1416 invalida

129 1452 214 1521 sunt,
230 1447 295 1509 sive
311 1447 393 1509 desit
406 1447 537 1510 materia
549 1447 647 1521 licita,
664 1448 728 1509 sive
739 1449 821 1511 desit
829 1449 911 1511 liber
922 1467 1105 1514 consensus.

169 1545 198 1604 t.
225 1541 258 1604 Si
276 1559 449 1604 consensus
471 1543 568 1605 tuerit
590 1549 732 1606 extortas
754 1545 829 1606 dalo
843 1546 892 1607 vel
916 1562 1022 1606 errare
1037 1563 1108 1607 ver·

2 1656 3 1674 ³
90 1692 94 1696 .
128 1643 218 1701 sante
235 1639 321 1700 circa
339 1638 385 1701 rei
408 1640 628 1716 substantiam,
651 1658 725 1702 eum
747 1641 952 1703 nullomodo
972 1641 1107 1704 liberum

129 1752 209 1809 esse,
234 1735 437 1798 manifestum
459 1746 518 1798 est.
545 1739 678 1816 Propter
705 1741 827 1798 metum
853 1753 980 1815 gravem
1007 1737 1108 1816 injus-

129 1838 226 1911 teque
235 1832 407 1906 incassum,
419 1834 653 1910 contrahentes,
666 1833 853 1912 licetaliqua
864 1838 1001 1911 exparte
1014 1831 1107 1893 liberi

131 1927 290 2004 dicantur,
311 1936 417 1992 tamen
431 1947 468 1990 ea
479 1924 626 1992 libertate
648 1939 768 2004 carent,
785 1947 856 2008 quas
869 1929 1047 1990 necessaria
1062 1934 1109 1990 est

129 2027 170 2087 ad
190 2026 325 2088 firmiter
341 2028 616 2103 contrahendum
634 2029 789 2107 adeoque,
805 2027 831 2088 si
845 2043 918 2104 pars
932 2027 1008 2088 laesa
1021 2026 1106 2103 velit,

131 2141 304 2186 consensus
318 2124 377 2186 iste
392 2125 534 2187 revocari
544 2129 658 2204 potest.

169 2225 200 2284 2.
216 2223 347 2286 Materia
356 2222 576 2284 conventionis
587 2222 697 2284 illicita
707 2227 766 2298 est,
779 2221 805 2282 si
819 2223 1001 2285 adversetur
1014 2221 1109 2284 alicui

130 2319 238 2381 afficio
252 2319 380 2398 proprie
400 2319 498 2394 dicto,
515 2337 571 2380 sen
585 2335 667 2380 veras
685 2319 882 2398 obligationi,
906 2337 967 2398 qua
984 2324 1109 2381 cantra·
1168 2357 1170 2362 -

129 2416 243 2478 hentes
270 2423 343 2477 actu
366 2420 545 2479 teneantur.
573 2415 653 2476 Hinc
681 2415 815 2476 celebris
841 2414 1003 2477 distinctio
1028 2415 1111 2476 iuter

128 2513 212 2593 Jura‚
229 2531 299 2592 quae
315 2513 447 2574 alienari
464 2517 606 2592 possunt,
627 2531 683 2574 seu
696 2511 874 2588 alienabitis,
894 2517 925 2574 et
938 2511 1020 2589 jura,
1038 2529 1110 2590 quae

130 2610 262 2671 alienari
275 2614 449 2688 nequeunt,
465 2627 521 2672 seu
530 2608 741 2672 irrationabilia.
755 2609 914 2671 Nimirum
928 2607 1112 2668 inalienabi-

132 2706 175 2767 lia
189 2707 338 2767 dicuntur
360 2724 406 2782 ea,
427 2725 498 2785 quae
518 2723 592 2769 cum
611 2707 720 2786 aliqua
735 2725 809 2769 vero
829 2713 861 2768 ct
876 2703 1004 2786 proprie
1025 2705 1111 2768 dicta

133 2802 240 2864 officia
254 2809 326 2865 actu
341 2805 509 2883 conjuncta
521 2808 611 2878 sunt3
627 2810 742 2866 catera
755 2805 906 2867 dicuntur
918 2800 1110 2865 alienabitis.

174 2900 213 2961 ll.
226 2901 272 2961 Ex
285 2900 345 2961 ista
359 2900 515 2975 doctrina,
528 2917 624 2980 quam
638 2899 734 2963 ctiam
747 2899 914 2979 Regalistae
926 2898 1111 2974 admittunt,

135 2997 337 3060 deducuntur
350 2999 517 3060 corollaria
535 3018 543 3060 ε

174 3098 204 3157 t.
221 3095 459 3171 concessiones,
476 3114 553 3174 quas
563 3095 603 3157 ab
615 3095 797 3175 Apostoliaa
810 3096 893 3157 Sede
908 3099 1009 3158 terror
1020 3103 1114 3175 atque

134 3209 223 3254 arma
243 3197 453 3269 extorserunt,
479 3191 611 3254 minime
635 3194 734 3254 firmae
754 3196 836 3254 sunt.
863 3194 931 3253 Huc
955 3190 1115 3271 pertinent

135 3287 265 3368 (praeter
277 3287 366 3368 alias)
380 3289 601 3351 concessiones
610 3306 627 3350 a
637 3287 782 3351 Paschali
795 3289 822 3350 11
835 3286 1021 3367 imperatori
1035 3291 1117 3351 Hen-

136 3385 245 3448 ricoV
267 3385 370 3462 factas,
396 3402 466 3464 quae
487 3385 624 3463 proinde
645 3386 680 3448 in
703 3385 846 3450 Concilio
867 3386 1116 3449 Lateranensill

135 3482 251 3545 merito
265 3489 421 3545 revocatae
436 3484 575 3546 fuerunt.

166 3627 202 3694 (t)
215 3628 348 3694 Tarquini,
362 3630 534 3683 institutiones
552 3630 623 3696 juris
636 3629 804 3684 ecclesiastici
811 3631 917 3698 pattici,
931 3633 974 3686 tto.
985 3631 1006 3695 1,
1018 3643 1074 3695 cap.
1087 3642 1117 3682 u.
