2618 4252
185 215 239 266 838
360 218 517 266 ttxrosttto
537 218 715 266 ltnnflontcn
736 221 819 266 Jt'ttts
841 220 996 268 catttttttffl.

317 426 339 476 1.
351 425 386 475 Dc
395 426 600 477 conventionibus
614 425 679 478 iuter
689 428 820 478 societates
833 428 965 478 distinctas
974 427 1023 492 (t).

220 599 245 661 l.
257 595 382 659 Nemini
396 595 530 659 dubium
540 604 598 673 est,
611 616 677 660 uon
688 600 786 660 modo
797 598 977 673 societates,
993 615 1066 676 quaa
1075 595 1160 656 inter

181 713 214 758 se
235 712 326 775 pares
345 694 420 770 sint,
446 695 564 774 pacisci
585 695 670 758 inter
690 713 722 756 se
740 713 845 775 posse,
866 712 976 756 verum
995 695 1093 756 etiam
1111 711 1163 753 so·

181 795 311 855 oietates
328 793 480 871 dispares.
499 794 609 872 ltaque
628 792 744 872 inipso
760 793 912 854 societate
930 793 1014 854 civili
1036 797 1163 867 utrum-

181 909 242 970 que
255 889 408 964 vidcmus,
424 889 547 951 scilicet
560 889 706 952 nationes
723 889 974 969 independentes
993 906 1070 951 cum
1090 887 1163 948 aliis

182 985 363 1049 nationibus
382 986 673 1065 independentihns
695 987 918 1048 conventiones
937 987 1028 1061 inire,
1051 990 1083 1047 et
1102 983 1164 1044 ali-

183 1101 280 1164 quam
294 1084 481 1146 societatem
494 1083 621 1145 civilem
635 1101 710 1145 cum
724 1083 868 1160 collegiis
880 1083 962 1145 intra
975 1101 1007 1144 se
1022 1083 1165 1144 existen-

180 1181 265 1241 tibus
291 1179 416 1259 sibique
434 1179 569 1241 subditis
590 1180 683 1241 fidem
701 1195 789 1240 snam
809 1180 914 1258 aliqua
936 1180 969 1240 in
993 1197 1026 1240 rc
1046 1180 1162 1238 mutuo

180 1277 334 1356 obligare,
359 1277 423 1339 sive
447 1279 532 1355 quod
555 1276 622 1357 ipsa
645 1276 766 1356 aliquid
789 1277 851 1337 illis
872 1277 1071 1356 polliceatur,
1095 1275 1162 1336 sive

180 1375 265 1454 quod
281 1375 490 1452 obligationes
503 1374 543 1435 ab
560 1375 681 1436 eisdem
696 1379 856 1454 susceptas
868 1379 1021 1454 acceptet.

223 1473 313 1534 Licet
335 1477 441 1533 autem
463 1477 599 1551 utroque
618 1473 650 1532 in
668 1489 742 1534 casu
760 1473 915 1550 ejusmodi
932 1479 1003 1534 acta
1016 1472 1162 1550 generali

181 1569 376 1636 conventinus
392 1569 523 1630 nomine
536 1570 689 1648 appellari
701 1569 837 1647 possint,
849 1571 1070 1646 nihilominus,
1084 1569 1162 1649 quia

180 1669 284 1747 quoad
296 1667 377 1746 juris
391 1667 520 1731 etl'ectus
536 1667 664 1728 intense
679 1673 812 1745 possunt
827 1668 964 1744 differre,
982 1669 1096 1730 eadem
1106 1668 1161 1727 di-

179 1781 268 1826 vorso
293 1765 422 1826 nomine
441 1764 666 1842 distinguenda
680 1781 747 1826 esse
760 1765 867 1842 plures
881 1766 961 1844 juris
983 1767 1158 1845 scriptores

180 1867 380 1925 consuerunt.
404 1865 513 1942 ltaque
528 1869 620 1941 pacta
641 1862 725 1924 inter
741 1863 908 1924 societates
921 1863 1003 1924 inter
1017 1881 1052 1925 sc
1065 1881 1159 1943 pares

180 1959 455 2040 dicunturpnblicu
464 1958 1161 2040 fodero,·oonventionesautemintersoeie-

178 2061 277 2118 tatem
298 2056 424 2117 civilem
445 2063 477 2116 et
495 2057 624 2134 aliquod
650 2057 820 2134 collegium
838 2057 942 2118 eidem
963 2057 1157 2137 subjectum,

178 2171 234 2216 seu
245 2153 332 2220 inter
345 2151 524 2232 principem
538 2153 668 2232 ejusque
688 2155 843 2232 subditos,
855 2155 1009 2236 privilegii
1026 2157 1159 2217 nominc

178 2251 390 2330 appellantur.

216 2350 255 2410 ll.
272 2346 477 2409 Publioorum
491 2347 648 2408 foederum
662 2349 779 2426 duplex
802 2350 1006 2428 distinguitur
1018 2350 1155 2428 species.

179 2448 254 2519 Qum
277 2445 363 2507 enim
384 2448 528 2504 mutuam
552 2445 717 2507 continent
740 2445 970 2524 paciscentium
985 2446 1156 2525 obligatio·

177 2559 263 2620 nem,
288 2543 399 2603 eadem
423 2540 573 2602 dicuntur
596 2548 684 2621 pocta
707 2541 969 2623 spnullcqmutieu,
991 2561 1061 2621 quae
1079 2560 1155 2604 vero

181 2641 271 2701 unius
284 2645 410 2701 tantum
426 2637 524 2716 partis
541 2637 771 2717 obligationem
789 2640 956 2716 inducunt,
974 2641 1085 2702 eadem
1101 2657 1153 2718 ge

88 2767 93 2782 ·
178 2736 277 2797 nerali
289 2735 421 2798 nomine
435 2735 631 2796 conventiones
643 2737 794 2816 appellari
809 2743 953 2817 possunt.

216 2831 384 2913 Privilegia
404 2831 588 2892 dividuntur
608 2833 642 2892 in
664 2834 825 2912 triplicem
845 2836 986 2914 speeiem
1006 2835 1089 2898 :alia
1104 2835 1157 2896 di-

176 2937 291 2994 cuntur
300 2930 445 3012 qrotuito,
462 2928 522 2990 alia
537 2948 667 3005 oneroso,
679 2931 741 2990 alia
751 2933 995 2994 remuneratorio.
1007 2933 1158 2994 Jamvero

175 3047 294 3092 onerum
309 3031 393 3104 suut,
421 3043 492 3106 quae
512 3027 732 3089 conceduntur
744 3027 777 3088 in
792 3029 926 3110 gratiam
940 3029 1074 3108 alicujus
1094 3030 1154 3108 rei,

176 3129 223 3190 vel
232 3127 324 3208 juris,
337 3124 424 3204 quod
435 3141 453 3185 a
463 3119 592 3186 subdito
604 3121 801 3204 privilegiato
811 3122 953 3187 vicissim
965 3132 1154 3205 praestatum

175 3225 322 3304 protono,
336 3241 408 3303 queo
423 3240 461 3285 ex
476 3238 563 3283 mera
578 3220 769 3290 liberalitate
785 3223 964 3300 dimanant3
985 3221 1159 3286 remunero-

174 3305 264 3395 torio,
284 3337 355 3399 qun
376 3319 585 3398 pertundunt
605 3321 873 3384 remunerationis
890 3323 1023 3402 alicujus
1046 3323 1156 3386 meriti

177 3418 407 3480 conceduntur.

208 3571 244 3626 tlt
258 3561 387 3626 tarquini,
398 3563 573 3614 institutiones
581 3563 653 3628 jurio
669 3567 834 3640 coclccr'naticr'
843 3567 947 3642 publici,
960 3549 1003 3622 lib.
1015 3570 1036 3632 lq
1047 3581 1105 3637 cap.
1119 3581 1150 3620 rt.
