2590 4262
478 274 551 318 PARS
574 273 739 320 SPEGIALIS.

471 513 692 568 ARTICULUS
712 515 741 569 ll

311 690 445 728 cellssNUM
462 690 565 728 SPECIES
579 691 695 732 RATIONE
707 691 894 734 Personarum.

150 855 166 916 ἓ
186 855 209 903 l.
230 849 357 904 Crimina
371 850 538 905 communia
552 852 837 922 contraproximum.

146 937 204 998 §2
226 933 335 989 Delicta
347 933 463 1004 propria
480 934 666 991 clericorum.

253 1133 306 1197 §L
318 1161 348 1172 -
363 1133 483 1186 Crimina
500 1135 656 1186 communia
674 1139 774 1186 contra
789 1136 951 1200 proximum.

151 1304 274 1365 Delicta
288 1305 482 1378 communia,
499 1305 537 1365 de
556 1304 670 1382 quibus
695 1307 873 1365 Decretales
895 1305 1090 1368 mentionem

102 1402 245 1476 faciunt,
274 1402 313 1460 ad
340 1402 512 1462 secundam
536 1401 683 1480 Decalogi
698 1401 839 1462 tabulam
865 1402 1036 1479 pertinent,
1061 1408 1092 1465 et

101 1500 296 1579 proximum
315 1501 436 1562 laedunt
457 1502 562 1580 quoad
585 1501 670 1562 bona
685 1500 733 1560 vel
751 1500 831 1574 vitu,
854 1501 902 1562 vel
921 1499 1023 1580 fomoe,
1042 1503 1090 1563 vel

101 1597 253 1676 fortune.
279 1598 430 1675 Pleraque
453 1598 486 1656 in
511 1597 581 1659 foro
610 1597 695 1659 civili
722 1597 915 1674 plectuntur.
942 1600 1091 1658 Attamen

103 1696 266 1756 nonnulla
281 1695 412 1756 crimina
424 1694 517 1772 hujus
530 1695 664 1774 generis,
679 1695 800 1757 cumin
816 1695 920 1756 labem
931 1694 1090 1758 societatis

105 1792 207 1854 etiam
236 1792 460 1853 ecclesiasticae
487 1794 618 1865 cedant,
650 1791 689 1851 ab
720 1790 861 1853 Ecclesia
890 1797 1088 1866 coercentur,

105 1890 288 1969 praesertim
307 1889 332 1950 si
351 1890 450 1967 judex
465 1889 564 1950 civilis
580 1889 722 1970 negligat
735 1905 772 1950 ea
786 1891 887 1968 poenis
902 1891 1088 1968 reprimere.

148 1989 173 2050 l.
198 1988 247 2049 Ad
273 1989 411 2066 primam
432 1985 572 2066 speciem
596 1987 777 2048 referuntur
801 1987 946 2062 crimina,
974 1988 1090 2066 quibus

108 2086 273 2164 proximus
297 2086 399 2163 quoad
423 2085 520 2147 vitam
544 2091 575 2147 et
596 2085 850 2146 incolumitatem
872 2085 1015 2162 corporis
1035 2086 1089 2148 lae-

108 2184 212 2247 ditur.

151 2279 348 2342 Homicidium
370 2279 466 2342 etiam
484 2279 639 2341 indirecte
654 2279 867 2341 voluntarium
882 2279 1006 2342 inducit
1020 2281 1089 2361 ipso

109 2381 197 2440 sacto
227 2377 501 2456 irregularitatem.
530 2375 695 2438 Scieidiom
722 2393 831 2437 secum
862 2377 960 2438 trahit
985 2378 1090 2456 priva-

109 2479 233 2540 tionem
261 2479 431 2556 sepulturae
463 2474 695 2538 ecclesiasticae.
725 2476 933 2538 Procurantes
957 2475 1090 2537 abortum

108 2578 204 2638 ioetus
218 2575 349 2636 animati
362 2575 527 2636 incurrunt
542 2573 610 2652 ipsc
625 2573 709 2635 sacto
725 2573 1089 2635 excommunicationem

111 2682 143 2736 et
165 2674 441 2753 irregularitatem.
466 2670 636 2732 Duellootes
658 2676 689 2732 et
711 2671 764 2730 alii
789 2673 826 2732 ad
850 2671 992 2731 duellum
1018 2687 1091 2733 con-

112 2776 275 2834 currentes
288 2768 623 2832 excommunicationis
633 2759 726 2846 poena
736 2769 934 2846 plectuntur;
949 2766 1003 2844 qui
1015 2784 1089 2828 vero

112 2869 250 2932 moritur
270 2869 303 2928 in
327 2869 396 2946 ipso
416 2868 576 2935 conflictu,
600 2867 761 2944 sepultura
786 2864 1001 2926 ecclesiastica
1025 2865 1089 2941 pri-

42 3043 45 3050 Α
111 2965 267 3048 vatur(l).

150 3069 191 3128 ll.
205 3065 415 3128 Interdelicta
428 3063 532 3140 carnis
540 3069 745 3124 recensentur
757 3068 875 3140 raptus,
884 3059 1087 3137 adulterium,

113 3165 354 3238 concubinatus
366 3167 429 3224 etc.
447 3163 724 3240 Eorumpoenaest
734 3158 1021 3221 excommunicatio
1034 3158 1087 3239 (2).

153 3265 206 3323 lll.
224 3263 408 3322 Proximum
425 3260 458 3320 iu
474 3258 566 3320 bonis
581 3257 809 3336 temporalibus
826 3258 947 3319 laedunt
966 3256 1089 3318 crimen

148 3465 184 3528 (1)
199 3465 334 3514 Concilium
347 3463 528 3522 Tridentinum,
547 3473 607 3511 sess.
627 3461 700 3521 XXV,
718 3473 775 3524 cap.
793 3472 844 3511 xix.
857 3485 887 3496 -
901 3459 1027 3510 Benedicti
1037 3459 1090 3510 xtv

115 3551 197 3594 const.
214 3541 404 3593 Detestabilem.

148 3625 179 3687 (2)
190 3623 360 3673 Decrelalium
372 3624 414 3672 lib.
426 3623 455 3683 V,
468 3623 507 3672 tit.
523 3635 575 3684 xvi,
590 3634 642 3684 xix,
656 3635 696 3672 xx.
