2594 4286
456 264 530 310 rans
551 263 713 312 sentiatis
776 297 779 306 ,
1059 268 1074 314 t

134 383 163 442 2.
183 381 405 446 Communiter
419 381 625 462 distinguitur
638 388 737 446 status
749 383 913 466 religionis
929 388 1072 467 comple-

97 484 143 542 tus
159 496 216 541 sen
231 480 341 542 stricte
355 485 509 560 sumptus,
524 486 636 558 ostatu
649 483 797 563 religioso
808 483 1004 564 incompleto
1019 503 1074 548 seu

97 581 158 641 latc
170 585 313 657 sumpto.
330 581 378 641 Ad
398 581 659 642 constituendum
675 587 792 645 statum
814 583 998 666 religiosum
1012 587 1075 647 latc

98 683 262 756 sumptum
291 678 408 740 sufficit
433 677 631 740 observantia
656 681 823 760 cujusdam
851 681 976 745 consilii
1001 688 1075 745 voto

98 777 232 836 firmata.
253 777 315 837 Iste
330 781 428 837 status
446 776 533 837 idem
550 782 597 839 est
612 795 648 838 ac
667 784 764 840 status
778 777 991 860 incompletos
1005 798 1078 860 per-

98 873 245 937 fectionis
268 873 481 954 acquirendae,
512 879 544 935 et
562 875 787 954 complectitur
814 895 925 940 omnes
947 877 1001 958 qui
1021 895 1079 958 per

100 972 226 1050 aliquod
241 978 350 1034 votum
363 978 394 1035 et
407 972 578 1054 specialem
597 973 722 1036 vivendi
736 978 868 1039 modum
882 976 938 1040 Dei
951 975 1078 1039 servitio

101 1077 338 1134 consecrantur.

140 1173 170 1232 3.
198 1171 248 1231 Ad
277 1171 474 1250 completum
500 1175 616 1234 statum
644 1171 849 1250 perfectionis
874 1173 1078 1251 acquirenda

102 1265 307 1348 requiruntur
322 1275 353 1330 et
366 1266 526 1331 sufficiunt
542 1269 603 1330 tria
615 1269 748 1331 consilia
763 1269 968 1350 paupertatis,
985 1271 1079 1334 casti-

102 1364 175 1428 tatis
189 1374 221 1428 et
236 1365 439 1429 obedientia.
451 1365 578 1428 Etenim
589 1365 641 1428 ille
653 1372 750 1430 status
762 1367 1078 1447 omniaperlecticuis

104 1464 337 1544 impedimenta
353 1470 507 1538 removet,
526 1470 557 1526 et
574 1463 704 1545 insuper
722 1466 819 1529 habet
841 1465 902 1528 vim
922 1465 1080 1545 dirigendi

105 1580 215 1624 omnes
231 1561 368 1624 hominis
388 1561 529 1624 actiones
543 1564 581 1623 ad
598 1562 838 1640 perlectionem.
852 1598 892 1609 —
906 1564 1011 1626 Status
1032 1582 1082 1626 re·

102 1659 234 1740 ligiosus
251 1659 360 1722 stricte
377 1666 523 1740 sumptus
544 1666 591 1723 est
609 1667 707 1722 status
729 1661 929 1724 tendentium
947 1662 986 1722 ad
1008 1680 1081 1742 per-

103 1757 276 1821 lectionem
291 1775 348 1838 per
359 1757 417 1820 tria
435 1757 566 1820 consilia
577 1765 651 1821 voto
663 1761 797 1838 firmata,
813 1779 866 1822 scu
882 1765 980 1823 status
995 1778 1083 1823 com·

105 1856 208 1938 platus
225 1854 429 1935 perfectionis
444 1855 659 1935 acquirendae.

144 1959 175 2016 d.
194 1953 314 2016 'Patalis
328 1953 448 2015 traditio
462 1954 510 2014 sui
522 1955 583 2016 Deo
595 1953 687 2035 sacto,
703 1959 734 2016 et
746 1953 802 2016 Dei
816 1954 957 2016 ministris
971 1970 1082 2032 accep·

105 2059 171 2115 tata
188 2051 326 2130 pertinet
341 2051 488 2113 etiamad
503 2051 671 2115 essentiam
688 2054 793 2114 Status
803 2051 942 2132 religiosi
954 2049 1082 2132 proprie
1205 2115 1209 2123 ,

108 2148 289 2224 dicti;nam
299 2147 358 2210 iste
369 2149 651 2212 statnsaPatribus
663 2149 893 2212 etDoctoribus
903 2153 1084 2212 constanter
1140 2192 1143 2200 .

109 2254 140 2311 et
153 2245 368 2309 communiter
382 2245 425 2308 ita
439 2245 619 2309 intellectus
632 2253 688 2310 est.

147 2349 185 2410 ΙΙ.
215 2345 241 2408 T
240 2347 288 2406 rio
312 2347 431 2408 consilia
456 2348 660 2429 paupertatis,
689 2348 831 2410 castitatis
859 2357 887 2410 et
917 2347 1085 2410 ohedientia

109 2452 179 2507 sunt
208 2445 371 2506 essentialia
391 2447 482 2506 statui
506 2447 649 2528 reliqioso.
677 2480 717 2492 -
747 2447 842 2510 Proh.
876 2449 981 2510 Status
1012 2446 1085 2508 reli-

110 2543 216 2623 giosus
237 2549 344 2622 potest
364 2544 560 2606 considerari
586 2543 762 2624 tripliciter,
790 2549 950 2624 quatenus·
968 2549 1015 2606 est
1035 2546 1083 2606 vel

108 2641 296 2704 exercitium
319 2641 534 2721 perfectionis,
561 2645 609 2705 vel
631 2649 741 2723 portus
767 2649 797 2706 et
819 2641 914 2704 statio
938 2642 1085 2720 quaedam

111 2739 256 2820 quietans
286 2740 427 2802 animum
455 2759 473 2802 a
496 2739 762 2803 sollicitudinibus
790 2738 1011 2815 saecularibus,
1038 2740 1085 2801 vel

93 2889 96 2898 .
110 2841 291 2918 perlectum
304 2836 493 2916 sacrificium
508 2857 562 2900 seu
575 2839 797 2902 holocaustum
810 2857 866 2918 per
877 2838 961 2917 quod
973 2835 1085 2916 aliquis

16 2989 18 3004 .
110 2937 255 3000 totaliter
270 2955 301 2999 se
328 2943 359 2999 et
376 2955 431 2998 sua
453 2939 546 2999 offert
569 2940 644 2999 Deo.
676 2938 772 3016 Atqui
798 2941 896 2998 status
922 2933 1087 3014 religiosus

112 3037 289 3097 secundum
310 3036 393 3098 hanc
412 3034 574 3114 triplicem
599 3033 887 3100 considerationem
909 3031 1004 3114 erigit
1026 3035 1088 3096 tria

114 3127 256 3190 consilia.

93 3271 98 3286 .
152 3225 243 3286 Prot.
261 3229 292 3286 l·
300 3245 376 3306 pers
389 3226 521 3310 minores.
536 3228 585 3289 Ad
596 3225 782 3288 exercitium
796 3224 959 3306 quaerendi
969 3227 1089 3305 perlec-

114 3323 234 3386 tionem
264 3325 414 3402 caritatis,
444 3324 616 3405 requiritur
638 3330 674 3386 ut
697 3325 799 3385 fidelis
826 3343 844 3386 a
869 3343 902 3386 se
930 3330 1091 3388 removeat

114 3422 167 3482 illa
182 3439 240 3501 per
262 3440 333 3501 quae
353 3422 452 3502 possit
475 3422 624 3501 impediri
645 3439 686 3484 ne
710 3419 851 3484 totaliter
870 3423 937 3500 ejus
960 3423 1090 3484 allectus
1203 3424 1206 3433 ³

115 3521 225 3582 tendat
246 3519 279 3582 in
294 3524 407 3584 Deum.
424 3520 522 3601 Atqui
546 3519 728 3600 hujusmodi
742 3527 816 3582 sunt
834 3519 894 3581 tria
914 3540 920 3582 :
937 3519 1089 3598 primum,

16 3685 17 3690 χ
116 3617 273 3700 cupiditas
287 3617 480 3684 exteriorum
495 3621 653 3684 bonorum
668 3637 739 3700 quae
753 3617 875 3684 tollitur
887 3635 944 3700 per
958 3635 1092 3700 pauper·
