2618 4252
485 305 559 352 PARS
580 305 744 354 saucians.

476 523 698 578 ARTICULUS
720 525 749 577 11

122 691 320 731 convunnorvus
345 691 475 730 acceusae
495 693 551 732 cun
577 693 719 732 0001111111
742 693 823 732 crvier
841 693 1034 752 nnnuvrconun
1052 679 1101 750 (1).

162 843 186 902 Ι.
202 841 387 918 Discrimen,
405 845 490 923 quod
513 844 546 904 iu
561 845 718 923 ejusmodi
737 845 939 908 concordatis
953 847 1100 908 ineundis

121 939 303 1017 intercedit,
321 960 386 1002 non
403 943 505 1004 oritur
524 959 563 1003 ex
586 960 634 1016 eo,
659 944 745 1022 quod
763 943 896 1004 istarum
912 944 1100 1005 societatum

123 1043 271 1117 respectu
291 1039 414 1100 diversa
433 1039 472 1100 sit
490 1041 613 1102 indoles
632 1057 668 1101 ac
690 1045 802 1101 natura
820 1042 1098 1104 concordatorum.

122 1137 200 1196 Cum
214 1136 298 1196 enim
314 1153 424 1198 eorum
439 1141 551 1198 natura
565 1142 693 1199 eruatur
707 1155 746 1198 ex
761 1139 893 1199 materia
906 1139 992 1199 circa
1004 1157 1100 1218 quarn

121 1239 391 1308 versantur;.cum
410 1234 480 1295 haec
496 1235 628 1296 materia
641 1235 682 1296 sit
697 1235 868 1313 spiritualis
883 1234 931 1296 vel
944 1235 1099 1312 spirituali

121 1333 253 1407 adnexa,
271 1334 371 1394 multo
391 1333 491 1412 magis
506 1333 573 1412 ejus
588 1333 633 1394 vis
648 1332 815 1394 retinenda
834 1338 882 1394 est
904 1350 976 1394 curn
1001 1334 1100 1396 haere·

121 1429 193 1491 ticis
213 1435 269 1491 aut
291 1429 484 1504 infidelibus,
513 1448 610 1510 quarn
636 1449 710 1492 cum
739 1430 916 1505 catholicis,
941 1430 1098 1509 siquidem

121 1528 256 1606 graviori
271 1528 392 1589 ratione
406 1532 478 1588 sunt
491 1527 538 1588 illi
552 1529 718 1607 incapaces
728 1527 958 1607 jurisdictionis
973 1528 1007 1588 in
1018 1528 1099 1591 hanc

123 1625 301 1686 materiam.

161 1723 259 1800 Igitur
274 1722 447 1784 discrimen
460 1723 494 1782 in
509 1740 546 1785 eo
562 1721 717 1798 consistit,
733 1724 817 1800 quod
832 1721 975 1784 haeretici
990 1729 1099 1785 aucto·

123 1817 250 1881 ritatem
271 1819 422 1881 Ecclesiae
440 1819 607 1882 catholicae
628 1838 694 1882 non
714 1824 897 1899 agnoscant.
915 1822 1097 1897 Propterea,

121 1922 227 1996 potest
247 1915 389 1978 Ecclesia
408 1917 536 1995 quidem
559 1916 717 1978 abstinere
739 1917 778 1978 ab
801 1915 948 1977 ineundis
968 1934 1099 1979 concor·

121 2015 202 2076 datis
214 2033 287 2077 curn
300 2015 416 2076 iisdem
430 2013 644 2090 societatibus,
660 2032 700 2075 ne
713 2015 855 2076 videatur
867 2012 930 2074 illis
939 2014 1099 2097 privileqio

121 2114 308 2174 concedere.
336 2115 455 2176 Verum
485 2111 511 2171 si
534 2112 728 2190 populorum
757 2111 850 2172 saluti
882 2116 1098 2189 opportunum

120 2209 290 2286 existimet,
324 2209 480 2288 ejusmodi
511 2195 705 2270 concordata
736 2209 866 2289 pacisci,
898 2227 935 2271 ea
960 2211 1099 2272 retinent

119 2308 256 2368 formam
270 2307 499 2382 conventionum,
514 2323 551 2368 ac
567 2307 652 2368 velut
666 2312 759 2386 pacta
772 2312 944 2371 servantur.

159 2405 198 2466 Il.
222 2405 254 2466 Si
273 2409 377 2466 tractu
396 2404 551 2482 temporis
575 2421 624 2465 res
647 2421 685 2465 eo
709 2404 865 2480 deveniat,
891 2410 935 2482 ut,
960 2405 1097 2467 circum-

119 2503 242 2564 stantiis
267 2502 406 2579 mutatis,
428 2504 551 2564 eaedem
569 2502 795 2564 conventiones
814 2503 882 2565 sine
904 2503 1096 2565 detrimento

119 2599 231 2660 salutis
252 2599 366 2660 servari
382 2599 593 2677 nonpossint,
610 2599 752 2660 Ecclesia
767 2617 834 2675 rem
848 2599 953 2678 primo
968 2616 1098 2678 compo-

118 2712 196 2758 nere
207 2699 317 2775 mutuo
328 2714 484 2760 consensu
496 2697 637 2769 curabit;
652 2697 678 2757 si
689 2715 763 2759 vcro
773 2697 805 2757 id
818 2698 922 2758 minus
932 2697 1093 2771 succedat,

119 2795 217 2855 afide
237 2795 310 2854 data
328 2794 442 2857 merito
461 2796 601 2869 recedet,
623 2795 883 2872 quandoquidem
906 2793 939 2853 in
964 2811 1002 2854 eo
1022 2809 1097 2854 casu

118 2908 193 2954 vera
208 2892 303 2953 etiam
318 2897 410 2971 pacta
423 2893 453 2955 vi
467 2911 522 2954 sua
536 2892 699 2954 deliciunt.

159 2990 344 3069 Propositus
358 2990 469 3052 titulus
481 2989 516 3050 de
529 2988 709 3050 concordatis
724 2990 821 3049 linem
841 2988 1096 3050 institutionibus

118 3087 280 3149 canonicis
294 3088 442 3166 imponit,
457 3093 488 3150 et
500 3087 613 3151 studiis
625 3087 887 3166 jurisprudentia
900 3086 1000 3150 civilis
1013 3086 1095 3148 viam

118 3185 242 3246 sternit.

541 3321 644 3373 FlNlS

147 3473 179 3535 (ll
193 3472 323 3538 Tarquini,
336 3475 508 3525 mutilationes
519 3475 594 3538 juris-
603 3472 767 3524 ecclesiastici
775 3470 880 3538 publici,
895 3474 942 3524 lib.
963 3474 984 3536 1,
994 3485 1051 3536 cup.
1065 3485 1092 3522 n.

115 3553 274 3693 {AEhillips
284 3554 319 3604 du
330 3555 403 3605 Droit
414 3553 597 3619 ecclesiasticus
607 3554 673 3604 duos
686 3568 724 3604 aes
732 3554 859 3620 princpes
869 3554 1006 3619 9111110111,
1018 3560 1037 3603 1.
1049 3553 1094 3614 111,
