2604 4264
454 325 528 377 rans
542 323 714 378 'saucians
843 298 845 302 ⁸
1038 325 1070 380 a't

130 451 160 512 l.
193 451 327 529 Septem
350 451 423 510 sunt
449 449 542 511 Horae
571 449 758 512 canonica:
782 447 973 512 Matutinum
997 466 1072 512 cum

89 547 264 623 Laudibus,
287 546 403 624 Prima,
421 546 536 626 Tertia,
553 549 659 625 Sexta,
676 549 776 628 Nona,
797 549 958 627 Vespera,
976 550 1070 610 Com·

89 644 279 724 pletorium.

130 740 337 822 septenarius
372 757 481 803 earum
511 758 662 804 numerus
691 730 764 804 non¹
785 747 872 806 caret
896 741 1069 824 mysteriis3

88 859 166 902 nam
188 845 310 919 septem
333 837 445 902 diebus
470 848 593 903 creatus
615 845 664 902 est
685 841 834 919 mundus,
858 847 982 922 septem
1000 845 1073 904 sunt

87 938 263 1020 petitiones
289 937 441 1000 orationis
467 939 650 1015 dominicas,
679 943 801 1019 septem
828 941 911 1012 dona
935 939 1071 1020 Spiritus

90 1037 213 1100 Sancti.
237 1038 369 1116 Insuper
383 1036 432 1097 his
450 1036 540 1099 horis
558 1038 642 1099 facta
662 1043 735 1099 sunt
748 1039 897 1118 mysteria
915 1036 1070 1119 passionis

89 1134 264 1198 dominica
277 1153 284 1194 :
296 1133 436 1197 Christus
446 1140 541 1202 nocte
554 1140 664 1216 captus
677 1141 735 1213 est,
746 1125 825 1199 hora
835 1135 938 1216 prima
948 1136 1070 1214 illusus,

88 1231 187 1295 tertia
210 1231 459 1308 condemnatus*
479 1235 567 1293 sexta
592 1232 771 1307 crucifixus,
797 1250 882 1326 nopa
906 1232 1067 1312 expiravit,

88 1324 269 1405 vespertina
297 1325 336 1385 de
362 1341 457 1386 cruce
481 1324 644 1405 depositus
673 1331 732 1404 est,
760 1325 839 1388 hora
868 1325 1070 1406 completorii

90 1422 450 1504 quievitinsepulchro.

131 1526 164 1584 2.
186 1520 332 1584 Officium
358 1520 498 1583 divinum
522 1520 673 1584 dividitur
690 1521 724 1583 in
743 1530 918 1586 nocturnum
937 1527 968 1586 et
989 1522 1072 1585 diur-

87 1639 176 1682 num.
198 1617 353 1680 Nimirum
377 1618 538 1697 primitiva
559 1620 699 1682 Ecclesia
725 1621 849 1685 imitata
872 1627 919 1685 est
947 1639 1071 1684 morem

88 1719 308 1798 antiquorum,
329 1716 384 1795 qui
398 1721 524 1780 noctem
540 1717 725 1782 dividebant
739 1719 772 1780 in
786 1726 922 1800 quatuor
936 1721 1070 1803 vigilias,

88 1821 122 1879 et
140 1817 228 1878 diem
248 1817 282 1876 in
304 1820 440 1894 quatuor
456 1817 608 1878 stationes
623 1819 777 1896 aequalem
795 1820 1002 1883 continebant
1017 1839 1072 1884 au-

88 1920 158 1977 tem
172 1921 241 1986 tum
255 1914 383 1994 vigiliae,
397 1919 467 1976 tum
479 1915 629 1977 stationes
645 1916 707 1978 diei
720 1920 783 1978 tres
796 1916 1069 1998 horasquaeiibet.
1111 1975 1113 1978 .

130 2013 213 2076 Hinc
234 2011 421 2075 dicebantur
442 2015 491 2076 vel
515 2014 608 2076 simui
632 2013 738 2076 media
761 2021 857 2078 nocte
880 2019 1071 2082 Matutinum

90 2129 166 2174 cnm
180 2111 352 2187 Laudibus
368 2115 416 2174 vel
431 2115 592 2175 Nocturna
611 2113 737 2176 divisim
760 2116 935 2176 secundum
948 2115 1071 2197 vigilias

88 2210 1067 2292 noctis,itautprimavigiliadicereturprimumnocturnum,

89 2309 231 2371 secunda
251 2299 440 2386 secundum,
462 2308 557 2380 tertia
578 2309 720 2387 tertium,
744 2315 856 2388 quarta
869 2311 992 2373 Laudes
1003 2309 1070 2391 jam

89 2423 365 2488 propeauroram.
617 2461 619 2465 ,

130 2507 261 2568 Caetena
276 2505 375 2581 borao,
391 2522 463 2585 quae
478 2504 620 2568 divinum
639 2505 783 2569 officium
799 2507 1006 2587 constituunt,
1021 2508 1071 2572 di·
1098 2565 1100 2570 .

88 2603 362 2680 cebanturboris,
387 2605 472 2693 unde
495 2621 613 2666 nomen
641 2611 843 2686 acceperunt.
872 2606 1071 2686 Incipiebant

90 2703 178 2764 diem
192 2703 370 2764 naturalem
385 2701 423 2763 ab
440 2708 511 2774 ortu
529 2703 623 2779 solis;
645 2705 730 2766 unde
751 2710 826 2768 tunc
842 2705 979 2786 primam
993 2705 1072 2767 reci-

87 2801 201 2864 tabant
214 2802 337 2875 bomm,
350 2806 381 2862 et
392 2801 542 2881 deinceps
555 2803 694 2879 tertiam,
706 2808 837 2880 sextam,
852 2821 979 2866 nonam.
996 2805 1071 2865 Ves-

87 2915 177 2978 perae
200 2898 388 2962 dicebantur
406 2900 500 2979 paulo
519 2906 592 2964 ante
611 2917 761 2978 occasum
780 2900 866 2976 solis,
886 2900 1069 2980 Gompieto-

88 2994 175 3056 rium
189 2995 222 3056 in
238 2995 302 3084 diei
322 2995 523 3076 crepusculo.

228 3208 279 3278 §3-
293 3238 324 3252 -
337 3210 477 3277 ohliqauo
487 3211 668 3279 persolvendi
678 3211 762 3265 horas
772 3210 931 3266 canonicas.

128 3386 154 3448 I.
174 3384 299 3460 Quinum
313 3381 478 3464 obliquatur
497 3381 538 3444 ud
556 3357 686 3465 officium
702 3382 842 3446 divinum.
860 3417 899 3430 -
913 3385 1070 3466 Obligatio

87 3483 248 3564 ejusmodi
268 3483 369 3546 oritur
390 3499 428 3544 ex
447 3481 566 3560 tripiici
588 3482 682 3545 titulo
703 3483 752 3544 vel
775 3481 901 3544 Ordinis
916 3484 1008 3560 sacri,
1022 3482 1070 3546 vel

86 3581 254 3658 Beneficii,
275 3581 324 3644 vel
344 3579 528 3662 Religionis·
545 3581 655 3662 itaque
678 3583 777 3645 Horas
800 3581 966 3646 canonicas
989 3579 1072 3644 reci⁴

88 3686 156 3746 aare
169 3681 310 3744 debent:
425 3699 427 3706 ’

212 3795 317 3860 ιι.ι
938 3789 1044 3838 e'
