2604 4264
216 305 269 354 tto
383 305 540 353 uxrosmo
561 303 739 350 uurnomct
759 302 842 348 tubis
865 302 1020 350 ehuohltl.

480 513 525 564 ill.
540 537 572 548 -
583 509 730 589 lmmnnitss
743 509 914 561 eeclesiarum.

252 683 329 744 Dua
340 683 413 740 sunt
423 679 517 759 hujus
530 677 741 741 immunitatis
755 682 861 754 partes
878 697 885 739 :
902 677 1008 755 prima
1023 678 1056 740 iu
1066 694 1105 738 eo
1116 695 1196 738 con·
1299 741 1300 766 χ

213 777 306 853 sistit,
329 777 413 856 quod
429 777 462 836 in
478 775 620 838 ecclesiis
637 774 717 837 certi
741 779 830 836 actus
850 775 918 836 fieri
936 775 1192 854 pr40hibeautur3

213 876 310 937 altera
325 893 363 936 eo
378 878 509 952 spectat,
524 880 560 935 ut
573 873 607 934 in
622 873 667 933 eis
677 873 868 952 refugientes
880 874 1041 950 reperiant
1053 873 1192 952 asylum.

220 1089 225 1094 ι
247 1025 273 1074 l.
287 1020 375 1075 Actus
389 1017 421 1072 in
435 1016 563 1074 ecclesiis
580 1016 735 1088 prohibiti.
764 1033 765 1036 ¹

245 1111 273 1164 2.
287 1109 335 1164 Jns
350 1107 431 1180 asyli.

385 1299 408 1346 1.
430 1295 465 1344 Do
475 1292 585 1354 profanis
599 1292 698 1344 actibus
710 1293 737 1342 in
750 1293 855 1344 ecclesia
866 1294 1008 1356 prohibitis.

246 1463 302 1527 Isti
315 1468 403 1524 actus
419 1465 492 1522 sunt
505 1460 642 1538 duplicis
653 1459 792 1540 generis:
805 1460 859 1522 alii
879 1465 952 1522 sunt
970 1464 1058 1522 actus
1073 1477 1193 1540 pecea-

207 1561 323 1623 mincsi
337 1559 453 1638 quihus
464 1559 597 1621 ecclesia
609 1559 778 1638 polluitur3
792 1559 846 1620 alii
868 1577 955 1635 vero,
974 1577 1030 1638 per
1045 1575 1077 1622 se
1090 1558 1186 1637 liciti,

206 1658 240 1720 in
253 1657 387 1719 ecclesia
406 1655 447 1720 oh
465 1657 637 1734 specialem
652 1656 719 1735 ejus
740 1657 942 1721 sanctitatem
958 1657 1101 1720 exerceri
1113 1675 1191 1737 pro·

206 1754 369 1818 hibentur.
654 1809 656 1813 ⁴

244 1854 269 1917 l.
285 1855 354 1914 Non
364 1869 474 1913 ornnes
484 1857 573 1914 actus
584 1851 811 1934 peccaminosi,
824 1851 966 1934 quibunt
977 1853 1011 1912 in
1025 1853 1188 1928 eeclesiis,

205 1951 346 2031 speciem
364 1949 519 2028 sacrilegii
541 1950 744 2024 contrahunt,
771 1950 828 2011 sed
852 1955 978 2012 tantum
997 1951 1045 2011 illi
1060 1950 1127 2029 qui,
1149 1968 1190 2012 ex

203 2049 466 2126 determinatione
483 2047 561 2126 legis
590 2047 825 2124 ecclesiasticae,
849 2047 1009 2110 sanctitati
1030 2047 1188 2111 ecclesia-

203 2164 276 2210 rum
298 2145 479 2224 specialiter
492 2145 712 2220 adversantur,
732 2163 760 2209 v.
778 2165 808 2225 g.
828 2144 1055 2222 homicidium,
1073 2150 1135 2207 etc.

243 2245 281 2304 ll.
296 2245 333 2304 ln
347 2242 489 2304 ecclesiis
500 2241 568 2304 fieri
577 2242 788 2322 prohibentur
799 2263 807 2304 :
818 2245 846 2306 i.
862 2241 1184 2316 indiciasaecularia,

203 2346 273 2403 tum
287 2340 475 2416 criminalia,
490 2345 560 2402 tum
572 2340 690 2403 civilia.

204 2535 277 2598 dine
293 2534 368 2596 licet
376 2534 518 2596 venditio
528 2536 776 2612 rerumpiarum
788 2535 822 2595 in
836 2533 918 2596 atrio
930 2533 1089 2596 ecelesia.

242 2634 271 2693 3.
289 2631 417 2692 Prolani
427 2631 495 2692 ludi
508 2633 689 2710 theatrales
707 2637 738 2694 et
755 2638 865 2694 cautus
876 2649 940 2694 non
952 2631 1078 2709 pietatis
1089 2647 1189 2694 causa

202 2725 352 2790 instituti.
552 2789 554 2794 ,
1103 2735 1110 2749 ’

239 2829 268 2886 l.
290 2811 465 2888 conciones
479 2827 631 2908 politicae,
642 2825 795 2906 convivia,
810 2826 1098 2908 deambulationes
1109 2844 1188 2888 usus

202 2939 260 3000 pro
271 2922 480 2987 habitatione.

240 3023 269 3082 5.
284 3022 418 3112 Munitio
433 3023 641 3085 ecclesiarum
654 3041 712 3103 per
721 3023 855 3084 modum
871 3023 977 3086 castri.

240 3120 270 3179 6.
285 3121 448 3198 Pracipne
460 3120 518 3182 sub
529 3121 686 3200 sacrilegii
701 3126 792 3186 reatu
806 3120 1009 3200 prohibetur,
1022 3121 1120 3185 nevis
1133 3119 1187 3182 in·

200 3213 320 3274 feratur
332 3217 486 3293 ecclesiae,
503 3217 685 3296 diripiendo
699 3233 750 3298 res
764 3235 885 3282 sacras.

203 3362 211 3372 „
242 3311 360 3372 Verum
381 3313 503 3375 actibus
527 3314 625 3378 sacris
645 3321 904 3390 annumerantur,
925 3333 962 3378 ac
982 3313 1119 3394 proinde
1149 3314 1186 3376 in

201 3405 344 3467 ecelesiis
356 3405 466 3469 haberi
487 3415 620 3488 possunt
636 3411 774 3472 concilia
793 3409 1021 3490 ecclesiastica,
1039 3413 1187 3492 disputa·
1263 3429 1272 3447 ·

201 3504 305 3567 tiones
320 3507 351 3566 et
371 3505 555 3571 collationes
569 3509 725 3590 graduum
746 3527 786 3574 ex
807 3497 948 3574 scientiis
963 3511 1073 3592 sacris,
1087 3528 1185 3574 coro·

200 3600 287 3664 natio
302 3617 426 3682 regum.

241 2439 480 2512 hilontractus,
500 2437 734 2516 negotiationes
757 2442 790 2500 et
803 2437 968 2499 nundina.
992 2438 1037 2498 Ex
1052 2451 1188 2498 consue·
1299 2475 1300 2520 ξ
