2594 4286
443 307 517 353 Pons
538 307 701 355 sinemus.
1027 303 1059 354 ll

78 423 212 486 veniunt
234 423 315 486 locis
340 422 503 504 religiosis,
529 423 575 486 uti
597 421 807 500 „osleoolesim
824 420 1056 497 coemeterium,

80 527 188 584 rector
203 523 372 600 deputatus
382 539 455 584 cum
464 523 535 600 jure
551 521 792 584 administrandi
807 527 1015 584 sacramenta.

119 624 151 682 3.
169 621 344 699 Hospitalia
355 625 427 682 sunl
441 621 489 683 vel
504 629 638 702 enempto
652 622 700 683 vel
714 641 772 682 non
784 630 929 702 enempto.
945 617 1061 697 Hospi-

77 719 157 781 talia
172 725 319 800 exempta
333 735 369 781 ea
383 725 455 781 sunt
471 737 542 798 quae
555 719 595 781 ab
613 719 787 800 episcopali
810 719 965 800 regimine
985 716 1061 780 sub-

77 817 265 894 trahuntur,
280 838 309 881 v
329 837 358 898 g
374 835 412 880 ex
423 821 493 898 logo
505 819 628 882 lundat'
604 819 703 882 tionis
720 818 775 901 (l).

122 915 179 977 111.
196 914 340 998 Epocopz
336 916 511 978 auctoratos
527 937 558 979 tn
570 916 738 999 hospitalia

124 1017 156 1076 l
173 1014 348 1093 Hospitalis
368 1015 592 1091 ecclesiastiea,
610 1033 681 1096 quae
696 1033 800 1095 neque
817 1016 963 1095 exempta
976 1017 1060 1090 sunt,

79 1129 192 1192 neque
217 1114 275 1175 sub
303 1115 489 1177 immediata
515 1117 638 1194 Regum
663 1113 875 1198 protectione,
902 1111 1063 1192 Episcopo
1132 1109 1133 1114 ’

80 1211 300 1292 subjiciuntur
314 1213 399 1276 velut
412 1215 482 1276 loca
495 1212 654 1293 religiosa.

124 1311 154 1372 ἰ).
170 1310 332 1392 Episcopi,
347 1318 499 1392 tanquam
521 1311 613 1374 Sedis
632 1310 825 1391 Apostolioae
839 1307 985 1388 delegati,
1005 1307 1064 1370 ha·

81 1407 164 1472 hent
174 1409 226 1488 jus
240 1409 387 1472 visitandi
402 1411 572 1490 hospitalia
587 1411 683 1473 eliam
698 1414 856 1489 exempto.

125 1510 155 1569 3.
170 1508 451 1572 Administratores
461 1508 664 1588 hospitalium
676 1507 807 1588 singulis
816 1505 906 1570 annis
915 1509 1064 1570 tenentur

80 1605 248 1687 Episcopo
259 1607 414 1671 rationem
426 1608 560 1670 reddere
570 1607 623 1690 (Ξ).

116 1800 154 1862 (1)
169 1799 266 1860 novoli,
282 1800 476 1851 Institutionum
487 1800 664 1852 canonicorum
681 1799 824 1864 lin11,tit.
840 1811 884 1849 ιιι.
904 1824 932 1835 -
952 1797 1063 1861 Berardi,

83 1880 276 1931 Commentario
290 1880 369 1946 injus
382 1881 586 1941 ecclesiasticum,
596 1887 615 1930 t.
631 1883 652 1942 l,
665 1880 762 1930 dissert
775 1878 883 1940 1v‚oap.
899 1892 943 1926 vn.

115 1964 152 2026 (2)
162 1961 301 2012 concilium
313 1961 494 2024 Tolentinum,
506 1974 565 2012 sess.
577 1959 654 2020 llllll,
666 1974 724 2022 cop.
737 1971 774 2022 ιι,
789 1957 822 2008 de
837 1957 947 2020 llefurm.
