2590 4262
241 284 296 329 ‘ita
416 283 572 329 axroslrlo
594 282 770 327 unrucnlel
791 283 874 326 Junls
897 282 1051 328 canonici.

240 400 436 480 peonitentia,
453 417 587 460 censura
606 404 637 460 et
657 417 750 478 poena
769 383 972 474 vindicativa,
997 403 1068 458 tum
1097 397 1213 460 ratione

241 499 437 560 diversorum
459 497 679 557 ministrorum
692 514 710 556 a
723 495 836 575 quibus
850 493 1049 570 indicuntur,
1065 499 1138 555 tum
1150 495 1215 572 quia

240 593 426 676 poenitentia
447 598 547 654 cessat
569 611 627 672 per
641 592 887 654 satisfactionem
905 597 959 653 aut
974 591 1211 669 indulgentiam,

240 711 371 755 censura
393 695 498 752 autem
523 708 581 770 per
602 690 845 765 absolutionem,
864 694 895 750 et
912 707 1005 767 poena
1017 705 1079 768 per
1095 689 1213 766 dispen-

241 791 406 852 sationem.

280 888 383 950 Hodie
405 885 591 965 poenitentia
616 881 746 963 publica
771 885 874 962 quoad
902 883 1075 944 maximam
1104 889 1214 962 partem

244 982 602 1061 exolevitouapropter
615 981 773 1060 agendum
788 986 835 1041 est
852 986 977 1042 tantum
994 981 1034 1040 de
1048 980 1213 1042 remordet

242 1083 282 1142 dc
295 1080 391 1161 paenas
408 1078 602 1140 rrrndirotr'vr's.

281 1179 337 1240 ΙΙΙ,
365 1175 490 1238 Ratione
511 1175 590 1236 modi
611 1193 667 1255 qno
687 1183 865 1249 statuentur,
890 1177 960 1236 aliae
986 1183 1059 1236 sunt
1084 1192 1214 1254 poenaea
1265 1139 1266 1170 ³

238 1275 321 1354 jure,
336 1275 407 1335 alim
424 1274 463 1334 ab
482 1271 620 1334 homine.
637 1273 732 1331 Poena
747 1291 765 1332 c
774 1272 849 1352 jare
868 1271 901 1332 in
924 1273 1104 1334 canonibus
1125 1271 1214 1350 expri-

242 1373 350 1434 mitur.
366 1373 462 1430 Poena
473 1368 509 1429 ab
520 1369 633 1428 domine
648 1385 685 1428 ex
701 1368 834 1431 arbitrio
844 1369 962 1447 judicis
974 1370 1144 1449 infligitur.

253 1451 256 1458 ¹
282 1471 334 1532 IV.
351 1467 475 1526 Ratione
487 1465 569 1526 enodi
579 1484 636 1546 qno
652 1465 856 1542 incurrantur,
872 1485 1013 1529 censurae
1032 1473 1111 1529 sunt
1123 1469 1169 1528 rel
1180 1468 1215 1526 tc-

243 1574 281 1628 tce
295 1565 454 1637 sententie,
475 1564 523 1624 vel
540 1561 669 1643 ferenda
682 1565 840 1625 sententia.
859 1567 953 1625 Poena
967 1566 1039 1626 latae
1056 1565 1212 1627 sententia

85 1655 87 1658 ’
140 1688 142 1692 ⁴
241 1660 602 1741 ipsofactcincurritur3
621 1660 792 1738 aliquando
807 1666 913 1723 tamen
926 1661 1102 1724 intercedit
1110 1660 1213 1741 judicis

242 1757 397 1818 sententia
411 1755 628 1818 declaratoria.
646 1759 782 1818 Censura
799 1759 937 1819 lerendae
952 1760 1134 1834 sententiaa,
1152 1757 1213 1820 licet

240 1856 309 1933 lege
320 1858 433 1915 statuta
445 1855 496 1929 sil,
509 1872 573 1914 non
585 1852 672 1932 prius
687 1853 869 1930 incurritur,
882 1855 942 1916 nisi
956 1872 1015 1933 per
1028 1856 1213 1919 sententiam

242 1953 548 2013 condemnatoriam.

282 2051 323 2110 Ut
337 2049 539 2128 percipiatur,
558 2048 672 2126 quibus
692 2047 724 2109 in
746 2048 871 2109 casibus
888 2049 1052 2128 legislator
1075 2065 1212 2114 censuras

243 2148 314 2207 latae
325 2147 490 2208 sententiaa
501 2147 660 2222 indixerit,
673 2147 820 2208 statuitur
833 2129 1001 2225 multiplex
1011 2151 1130 2227 regula.
1144 2151 1211 2210 Gen-

244 2261 316 2303 sura
330 2244 402 2305 latae
423 2243 587 2305 sententiae
602 2241 782 2322 agnoscitur
792 2249 865 2305 ‘tum
884 2262 922 2305 ex
937 2245 1075 2306 formula
1092 2246 1134 2327 (eo
1150 2245 1210 2324 ipso,
1265 2287 1266 2300 ,

244 2341 305 2420 apro
319 2340 402 2420 jare,
427 2341 490 2420 ipso
506 2340 607 2432 sacto),
628 2348 696 2402 tum
717 2359 754 2402 ex
775 2341 878 2402 verbis
900 2343 1055 2419 praeteriti
1069 2341 1210 2422 temporis
1265 2357 1266 2404 l

245 2437 380 2517 (noverit
398 2455 431 2498 se
453 2453 521 2498 esse
535 2437 867 2517 excommunicatum),
886 2443 954 2500 tum
971 2457 1008 2500 ex
1028 2443 1124 2503 modo
1142 2437 1211 2500 indi-

244 2535 345 2596 cativo
362 2534 583 2615 (suspenditur).
600 2537 738 2597 Censura
746 2536 885 2597 ferendae
899 2539 1064 2599 sententiae
1079 2535 1211 2618 agnosci-

243 2641 295 2694 tur
310 2633 373 2694 sive
393 2631 550 2710 cxffverhis
568 2633 663 2694 futuri
684 2632 838 2710 temporis
856 2633 1207 2712 (excommunicabitur),

243 2730 306 2791 sive
329 2748 367 2790 ex
389 2730 485 2790 modo
502 2729 701 2807 imperativo,
727 2729 851 2807 quoties
874 2732 1011 2794 formula
1032 2735 1159 2795 retertur
1171 2730 1207 2788 ad

243 2827 383 2890 officinm
397 2827 576 2905 Superioris
590 2825 837 2906 (suspendatur).

595 3025 814 3080 ARTlCULUS
834 3027 862 3080 11

353 3165 527 3204 counrrrouus
546 3165 690 3211 nnonrsrrn
709 3164 743 3204 sn
763 3165 854 3203 rurus
872 3159 1049 3205 rnrrrctnnns
1067 3154 1113 3220 (l).

284 3296 489 3360 Conditiones
501 3299 684 3378 hujusmodi
696 3304 771 3361 sunt
782 3307 920 3379 potestas,
937 3299 1110 3380 subjectam,
1126 3299 1207 3380 otper-

247 3399 321 3467 tarn,
334 3397 488 3474 proportio
500 3395 582 3466 inter
593 3413 719 3476 poenam
734 3401 765 3459 et
775 3395 939 3459 delictum.
1000 3431 1009 3476 3

275 3535 307 3595 (ll
323 3531 666 3604 Giraldi,'Seh1nalzgrueber,
683 3542 794 3604 mining,
806 3543 906 3605 ragom
916 3544 952 3594 'ad
961 3545 1127 3596 Decretclinm
1137 3543 1174 3594 lib.
1185 3539 1206 3596 V.

244 3615 284 3666 tit.
296 3631 382 3668 xxxru
393 3624 417 3669 ct
433 3631 521 3668 xxxix.
