2594 4286
474 269 568 316 ,PARS
590 267 753 315 sesuldus
1073 271 1106 318 ⁴5

194 503 310 564 Quasno
325 505 360 554 1⁸.
376 529 406 540 -
420 503 456 553 ln
471 515 496 552 ru
513 503 606 554 unm
618 515 775 553 surrriurun
790 514 852 553 rom
866 514 986 554 sonnium
996 502 1044 564 llll

172 681 196 742 l.
213 681 350 753 Ouaestio
363 679 490 758 respicit
498 680 550 760 jus
561 685 593 742 ct
604 681 734 743 lactum.
748 679 905 752 Quaeritur
915 684 1021 741 utrum
1034 682 1107 740 vota

129 777 336 856 Regularium
352 777 459 840 Galliae
475 777 629 838 solemnia
646 789 714 838 esse
727 777 860 855 possint.
877 809 916 824 --
927 779 995 838 Hoc
1008 793 1107 837 unum

131 875 284 950 obstaret,
300 877 385 954 quod
400 877 484 954 leges
499 875 607 937 uiriles
621 893 684 937 non
697 875 885 936 conveniant
897 891 970 938 cum
985 874 1107 954 legibus

131 975 307 1036 canonicis.
328 975 372 1036 Ex
388 975 456 1049 lege
470 973 569 1042 civili,
590 973 753 1052 possidere
771 972 804 1032 in
817 973 978 1034 communi
993 990 1107 1052 neque·

130 1079 193 1133 unt
207 1071 266 1132 nisi
283 1072 525 1133 communitates
539 1089 557 1131 a
572 1069 732 1132 Gubemio
743 1069 878 1148 agnum
897 1076 1034 1148 potestas
1047 1087 1106 1131 εω-

131 1170 249 1232 cularis
266 1187 331 1231 non
344 1169 484 1249 agnoseit
495 1175 605 1231 votum
620 1169 814 1246 paupertatis
827 1173 862 1229 ut
877 1169 1030 1242 solemne,
1047 1165 1107 1228 sci·
1161 1223 1168 1235 ,

132 1269 212 1330 licet
223 1268 464 1348 incapacitatem
481 1266 614 1330 dominii
629 1272 706 1334 voto¹
716 1267 895 1343 inductam.

174 1368 267 1446 Prup.
281 1368 318 1428 1⁸.
330 1365 394 1427 Lae
403 1366 506 1438 ciuilis,
518 1365 708 1441 relipicsosut
718 1365 788 1425 tales
802 1383 859 1424 uun
872 1383 1036 1444 aquescens,
1052 1383 1109 1425 non

132 1463 257 1545 impedit
265 1463 416 1545 quominus
425 1464 484 1524 siut
495 1463 634 1544 relipiosi,
649 1481 714 1524 cum
728 1464 864 1524 emittant
876 1461 987 1543 tm'plem
997 1470 1104 1525 uotum.
1197 1513 1200 1522 .

131 1593 173 1608 ·-
184 1561 285 1642 deque
299 1559 416 1642 impedit
427 1561 499 1642 qum
511 1562 541 1622 iu
553 1561 699 1622 accamoni
705 1559 851 1642 possidere
860 1560 986 1621 valeant.

174 1661 331 1722 Probatur
342 1663 484 1738 secunda
493 1679 576 1742 pars.

173 1756 265 1820 Proh.
280 1760 310 1818 1ο
325 1757 380 1817 Ex
390 1768 498 1818 nutura
509 1759 712 1839 relipiosurum
725 1757 976 1820 communitatum.
985 1758 1050 1818 Lex
1064 1755 1110 1818 ui·

131 1855 204 1916 vilis
219 1873 286 1917 non
301 1855 436 1932 impedit
447 1856 514 1934 jus3
537 1875 611 1919 nam
625 1857 766 1922 Ecclesia
780 1856 832 1935 jus
846 1855 942 1916 habet
954 1859 988 1915 ut
999 1855 1108 1916 fideles

136 1955 271 2016 consilia
281 1955 648 2034 evangelicasequantur,
663 1956 811 2034 ideoque,
822 1954 919 2016 vitam
929 1953 1107 2032 regularem

134 2057 278 2132 agentes,
294 2052 327 2113 in
344 2054 506 2114 communi
525 2054 717 2133 possideant.
740 2083 779 2098 -·
800 2054 869 2114 Non
888 2050 1023 2130 impedit
1043 2050 1110 2111 lao-

133 2155 214 2212 tum.
230 2151 356 2212 Etenim
369 2151 421 2212 uhi
435 2151 582 2232 religiosa
595 2151 807 2213 communitas
820 2150 854 2210 in
868 2149 935 2210 loro
947 2147 1031 2210 civili
1043 2165 1108 2208 non

133 2247 269 2310 habetur
282 2254 432 2328 tanquam
445 2267 578 2328 persona
593 2249 721 2310 moralis
734 2247 867 2309 dominii
879 2264 987 2325 capax,
1002 2250 1109 2308 tamen

133 2351 242 2425 potest
257 2346 436 2407 dominium
451 2347 632 2425 acquirere;
650 2346 809 2424 siquidem
820 2346 975 2425 efficaciter
991 2349 1023 2413 et
1033 2342 1109 2404 tuate

90 2525 95 2533 ι
134 2444 289 2522 disponit.
299 2445 482 2507 'Efficaciter
498 2465 505 2506 :
521 2446 690 2523 deputatur
706 2462 785 2506 unus
800 2443 965 2522 religiosus
979 2444 1018 2503 ad
1032 2460 1110 2504 con·

132 2543 342 2616 trahendum3
361 2543 457 2617 licite,
475 2561 548 2604 nam
566 2544 626 2604 iste
643 2561 707 2604 nun
729 2543 890 2617 mentitur,
908 2543 963 2603 sed
984 2539 1110 2603 notorie

135 2640 297 2703 contrahit
310 2646 458 2720 tanquam
474 2643 619 2702 minister
632 2630 890 2704 communitatis·
1164 2690 1166 2695 ,

175 2737 268 2800 Prob.
283 2742 315 2799 ⁶2⁰
326 2740 372 2800 Ex
386 2740 593 2819 dispositione
607 2735 1060 2820 ConprepaticuiePropopoudoe
1070 2739 1111 2798 de
1179 2763 1182 2770 ¹

136 2837 235 2898 modo
254 2853 316 2915 quo
332 2837 365 2896 iu
378 2835 512 2898 Stolidus
531 2837 626 2900 [luitis
638 2837 784 2898 Ameriam
801 2835 972 2897 transmitti
994 2834 1111 2896 debunt

137 2935 223 2996 bona
236 2935 364 2997 numine
379 2936 601 3014 religiosorum
617 2934 769 3014 inscripta
784 2940 814 2996 et
827 2933 867 2994 ab
886 2932 962 3010 ipsis
978 2931 1111 2994 civiliter

60 3047 63 3054 ·
141 3051 292 3112 possessa.
361 3045 364 3049 ’

179 3129 271 3191 Prcb.
288 3133 320 3192 3⁰
334 3130 390 3192 Eu
403 3132 583 3194 consectariis
596 3131 726 3194 adversm
741 3130 889 3192 sententie
900 3147 913 3191 .·
926 3133 1111 3209 sequeretur

137 3229 209 3308 jure
220 3245 277 3289 suu
292 3228 338 3290 uti
356 3229 507 3308 gubernio
520 3248 591 3310 quae
603 3234 744 3292 statuunt
755 3230 856 3290 nullas
867 3229 1111 3293 communitates

141 3327 302 3406 religiosas
313 3333 367 3390 aut
380 3324 607 3390 ecclesiasticas
616 3345 683 3392 esse
693 3329 812 3392 habiles
821 3328 862 3393 ad
871 3327 1109 3409 possidendum,

142 3430 173 3486 et
187 3425 270 3488 hona
283 3420 395 3488 eorum
408 3424 570 3489 invadunt.

171 3627 202 3690 tt)
213 3626 301 3687 Bouix,
316 3625 348 3678 de
362 3626 535 3692 deputantem,
547 3640 605 3690 pars
615 3626 658 3689 lll,
669 3631 728 3678 sect.
741 3629 763 3678 t.
