2594 4286
203 279 235 327 la
372 280 527 328 Expostulo
549 280 724 328 nnnflonlcn
745 281 828 327 Junls
850 282 1005 330 cruentet.

241 400 269 460 1.
292 397 455 459 Abbutl‘ssoe
471 407 601 479 potestus
623 408 652 459 et
670 398 779 460 electro.
807 433 847 446 -
861 401 907 460 Ex
919 399 1075 462 sententia
1088 415 1184 460 com·

203 497 303 570 muni,
316 497 531 576 superiorissae
544 497 728 558 monialium
741 514 806 558 non
820 505 968 560 exercent
980 496 1183 577 spiritualem

199 595 466 675 jurisdictionem,
483 596 537 656 sed
553 602 675 658 tantum
693 601 882 675 potestatem
898 597 1142 658 dominativam.

243 697 318 756 Haeu
337 699 498 755 servantur
515 695 547 754 in
570 695 725 756 electione
749 695 919 773 priorissae.
945 701 974 757 l.
998 695 1183 774 Requiritur

204 799 278 855 aetas
303 792 551 870 quadragenaria
575 799 607 854 et
631 793 785 870 professio
810 793 892 856 lacta
909 793 950 856 ab
976 799 1049 855 octo
1075 793 1179 868 annis,

203 897 257 952 aut
269 891 294 950 si
309 891 395 951 nulla
405 890 591 968 reperiatur,
604 890 738 970 eligatur
753 907 790 952 en
804 891 849 952 eis
863 908 934 969 quae
947 908 1066 952 annum
1084 891 1182 970 trige-

204 990 321 1050 simum
343 987 543 1063 excesserint,
570 993 602 1049 et
624 989 766 1068 quinque
782 989 894 1050 sallem
912 988 1003 1049 annis
1018 994 1090 1068 post
1107 1007 1182 1068 pro-

204 1087 374 1149 fessionem
388 1091 474 1148 recte
487 1085 632 1148 vixerint.
650 1091 678 1146 2.
693 1087 815 1148 Electio
836 1089 871 1149 nt
886 1105 902 1148 a
917 1087 1066 1167 prol'essis
1088 1086 1181 1166 juxta

205 1189 320 1247 statuta
343 1183 480 1254 Ordinis,
498 1175 645 1260 suffragio
668 1190 801 1260 secreto,
829 1186 869 1246 ad
891 1185 1182 1263 tempnsdetermi·

204 1288 314 1343 natum
332 1301 340 1355 3
361 1283 566 1342 confirmatur
579 1279 618 1341 ab
629 1281 789 1361 Episcopo
802 1283 849 1343 vel
868 1281 1078 1361 aSuperiore.

243 1382 282 1443 ll.
305 1379 434 1441 Visitotio
457 1379 604 1441 canonico.
622 1381 729 1441 —Est
742 1386 830 1442 actus
846 1398 909 1460 quo
926 1381 1089 1460 legitimus
1102 1399 1183 1459 proe·

205 1482 287 1541 latus
310 1478 497 1539 monialium
517 1478 606 1556 juxta
627 1494 765 1539 canones
780 1483 811 1539 et
835 1479 959 1555 regulas
978 1479 1115 1553 Ordinis,
1132 1478 1181 1540 in-

206 1577 304 1658 quirit
324 1581 441 1638 stalum
466 1575 661 1643 monasterii,
685 1575 816 1654 corrigit
838 1592 995 1652 excessus,
1010 1582 1043 1638 el
1066 1593 1184 1656 oppor-

205 1675 290 1736 tunis
304 1673 418 1735 mediis
432 1672 551 1733 bonnm
565 1679 740 1751 promovet.

239 1772 294 1837 ,Ad
307 1771 585 1850 quempraelatnm
603 1770 742 1848 pertinet
753 1769 913 1832 visitatio?
929 1803 969 1818 -
982 1772 1015 1833 Si
1030 1771 1185 1852 moniales
1284 1829 1285 1832 ,

206 1861 270 1932 non
285 1870 348 1929 sint
360 1874 525 1947 exemptae,
543 1869 679 1928 visitatio
695 1869 729 1928 fit
743 1866 782 1929 ab
796 1853 963 1932 ordinario
977 1870 1134 1933 dioeccsis.
1145 1905 1185 1918 -

208 1970 241 2032 Si
258 1966 411 2028 moniales
435 1966 500 2028 sint
524 1971 692 2045 exemptae,
717 1966 820 2028 visitat
843 1967 1017 2046 Episcopus
1031 1974 1184 2046 tanquam
1284 2053 1285 2058 ἵ

208 2069 239 2128 S.
259 2065 350 2127 Sedis
375 2065 551 2143 delegatus.
572 2064 658 2125 -Si
681 2063 835 2124 moniales
859 2063 922 2125 sint
940 2065 1077 2144 praelatis
1092 2083 1186 2144 regu·

207 2163 326 2224 laribus
342 2161 504 2240 subjectae,
524 2178 574 2223 eas
589 2161 714 2222 visitare
732 2159 827 2222 debet
841 2162 988 2239 praelatus
1009 2164 1181 2242 regularis:
1202 2212 1203 2215 ,

208 2268 240 2322 at
255 2261 348 2322 simul
364 2259 486 2321 ratione
505 2260 657 2322 clausurae
672 2277 723 2320 eas
737 2258 863 2321 visitare
877 2265 981 2337 potest
995 2260 1182 2340 Episcopus.
1211 2327 1213 2332 ,

173 2351 176 2358 ’
250 2361 412 2442 objectum.
425 2392 464 2405 —
476 2358 622 2420 visitatio
636 2357 742 2419 totalis
757 2357 888 2437 respicit
901 2374 964 2418 non
976 2360 1080 2420 solum
1095 2360 1184 2421 clau-

208 2477 325 2532 suram,
353 2456 526 2518 sedetiam
550 2455 657 2516 omnia
681 2473 752 2534 quas
777 2454 897 2516 honum
917 2464 1090 2520 conventus
1108 2475 1184 2536 pro-

207 2574 335 2620 movere
354 2559 496 2636 possunt.
514 2585 553 2600 -
566 2553 712 2616 visitatio
726 2554 761 2615 lit
775 2553 906 2632 singulis
920 2554 1020 2615 annis.

246 2657 299 2717 Ill.
321 2651 533 2733 Confessurios.
554 2683 593 2696 -
611 2650 777 2731 Presbyter
793 2651 996 2730 approbatus,
1018 2653 1113 2715 etiam
1137 2671 1185 2716 rc·
1282 2659 1284 2662 ’

207 2753 335 2834 gularis,
352 2769 418 2813 non
436 2755 582 2811 censetur
605 2748 796 2827 approbatus
810 2750 849 2810 ad
867 2750 1040 2811 audiendas
1059 2751 1184 2813 monin-

206 2854 285 2914 lium
305 2848 530 2913 consessiones.
558 2850 724 2926 Nequeunt
743 2847 888 2911 conliteri
909 2848 970 2909 nisi
990 2850 1183 2912 conlassarin

208 2949 388 3030 specialiter
408 2943 596 3024 approbato.
621 2943 734 3006 —Pro
758 2945 889 3025 singulis
910 2946 1096 3007 monialium
1115 2965 1185 3010 mo-

207 3047 353 3109 nasteriis
374 3063 454 3106 unus
470 3043 684 3106 confessarius
698 3047 828 3104 maturae
844 3043 945 3106 aetatis
961 3045 1131 3123 deputatur
1143 3047 1182 3108 ad

205 3143 398 3205 triennium:
415 3159 477 3221 quo
493 3142 611 3219 elapso,
626 3158 690 3201 non
703 3145 809 3218 potest
821 3140 937 3202 iterum
954 3143 1099 3222 deputari
1115 3142 1183 3204 sine

208 3240 338 3304 licentia
361 3239 534 3300 Pontificio.
560 3239 608 3300 Ad
628 3239 802 3299 audiendas
820 3241 1034 3302 confessiones
1047 3242 1080 3302 in
1094 3258 1184 3326 com-

207 3335 414 3400 munitatibus
430 3335 599 3397 mulierum
612 3354 677 3398 non
693 3337 893 3415 deputandus
911 3345 958 3401 est
973 3339 1116 3401 vicarius
1126 3357 1182 3418 ge·

204 3437 331 3507 neraliS,
342 3450 444 3512 neque
454 3435 611 3511 parochus
621 3435 646 3494 si
657 3451 732 3495 cura
747 3435 908 3512 parochiae
924 3436 998 3498 inde
1014 3437 1184 3498 detrimen-

203 3540 274 3597 tum
294 3531 442 3612 patiatur.
458 3563 495 3575 -
508 3529 629 3592 Pluries
654 3533 688 3592 in
708 3549 792 3593 anno
808 3533 1000 3596 monialibus
1014 3536 1184 3613 deputatur

203 3631 413 3696 confessarius
433 3629 709 3692 extraordinarius.
791 3617 794 3623 ’
