2604 4264
479 250 551 298 PARS
573 249 737 296 sanemus.
1043 251 1094 298 165

110 381 259 450 externa,
278 369 394 452 quibus
409 365 618 448 possessionis
637 365 768 428 traditio
782 370 815 428 ct
828 367 972 447 acceptio
999 365 1097 447 signi-

114 473 265 534 ficantur.
291 467 405 530 Modus
426 481 500 526 vero
513 463 618 528 varius
633 466 680 524 cst
702 481 761 542 pro
773 465 924 527 varietate
938 467 1096 530 locorum.

156 564 308 646 Episcopi
331 565 421 645 juxta
445 562 523 624 ritus
561 559 595 619 in
622 561 841 622 Gaeremoniali
867 561 1098 641 Episcoporum

116 663 336 746 praescriptos,
353 661 386 721 in
405 657 580 722 cathedrali
595 657 780 720 solemniter
796 659 1032 739 possessionem
1050 677 1100 722 ca·

116 763 225 842 piunt.
238 758 389 822 Canonici
413 774 471 836 per
493 759 656 817 Decanum
669 755 800 834 capituli
821 756 1034 819 investiuntur
1046 756 1099 817 ha·

118 859 194 922 bitu
204 855 386 929 canonicali,
404 858 437 915 et
450 858 519 916 tum
533 853 567 912 in
581 853 708 914 stallum
723 851 901 932 proprium,
917 859 987 915 tum
1001 855 1034 915 in
1046 871 1099 916 ca·

118 955 257 1034 pitulum
278 951 508 1031 perducuntur.

161 1052 258 1130 Magis
271 1049 392 1111 diversa
406 1051 452 1108 est
473 1044 672 1107 consuetudo
688 1043 722 1106 in
739 1044 925 1108 investitura
939 1047 1096 1126 parocho-

119 1165 194 1212 rum
215 1152 246 1210 ct
267 1146 403 1208 aliorum
425 1142 697 1204 beneficiatorum.
720 1141 852 1204 Parochi
873 1144 992 1223 populo
1015 1161 1098 1222 prae·

120 1250 296 1320 sentantur,
311 1249 342 1305 et
353 1243 386 1303 in
403 1241 571 1303 ecclesiam
585 1239 789 1301 inducuntur.
806 1239 841 1300 ln
855 1239 1000 1318 pluribus
1015 1239 1096 1302 locis

122 1343 326 1423 distinguitur
338 1339 511 1402 investitura
537 1338 567 1398 in
578 1334 781 1417 spiritualibus
793 1339 826 1397 et
839 1335 936 1396 music
950 1336 981 1396 ia
990 1353 1097 1415 posses-

119 1444 230 1506 omem
247 1437 458 1519 temporalium.

163 1540 219 1603 lv.
232 1539 335 1615 Gaptae
345 1529 551 1612 possessionis
562 1528 717 1608 generalis
728 1529 859 1590 effectus
868 1534 927 1605 est,
940 1533 975 1590 ut
985 1529 1098 1592 exinde

122 1635 331 1700 beneficiatus
346 1632 452 1694 officio
467 1627 625 1708 spirituali
639 1627 798 1703 iungatur,
814 1631 847 1688 ct
860 1627 981 1688 tructus
1004 1627 1100 1688 faciat

121 1751 208 1798 suos.

161 1829 294 1904 Insuper
304 1822 356 1884 alii
365 1825 438 1884 sunt
453 1818 611 1898 speciales
626 1819 757 1880 effectus
771 1835 884 1880 annuae
899 1820 947 1881 vel
960 1821 1099 1882 trienna-

121 1927 163 1987 lis
182 1914 404 2004 possessionis.

162 2024 192 2084 l.
205 2023 261 2084 Ille
277 2019 331 2099 qui
348 2032 522 2098 perunum
536 2032 654 2077 annum
670 2015 802 2094 pacifice
822 2015 1012 2078 beneficium
1026 2032 1099 2094 pos-

117 2121 219 2196 sidet,
233 2119 305 2180 inde
323 2116 477 2180 dimoveri
491 2114 615 2194 nequit,
627 2113 689 2174 nisi
704 2113 844 2192 primum
858 2114 897 2174 lis
906 2112 1028 2194 judicio
1037 2117 1098 2175 ter·

125 2218 276 2279 minetur.

161 2319 194 2376 2.
210 2312 383 2376 'triennalis
405 2311 563 2391 possessio
576 2326 799 2388 possessorem
812 2313 918 2371 tutum
934 2308 1052 2384 reddit,
1064 2312 1098 2370 ut

119 2411 261 2490 amplius
281 2411 315 2471 in
329 2408 528 2489 possessione
545 2407 667 2470 turbari
688 2413 836 2486 nequeat.

468 2619 689 2676 ARTICULUS
708 2620 753 2674 111

260 2787 294 2826 DE
312 2788 323 2826 J
327 2787 419 2827 ualnus
435 2786 467 2826 ET
486 2786 704 2827 conclamamus
718 2782 960 2826 utnuslcmonuu.

155 2939 174 3002 g
198 2937 224 2990 l.
243 2933 311 2989 lura
324 2931 576 2989 beneficiatorum.

157 3022 174 3086 ἓ
192 3020 219 3075 2.
241 3021 348 3074 Eorum
362 3015 558 3086 obligationes.

232 3209 249 3273 ᾗ
263 3208 288 3259 l.
304 3235 333 3246 -
345 3207 413 3260 turc
426 3204 656 3259 beneficiatorum
673 3202 780 3256 intuitu
794 3199 924 3254 beneficii
941 3201 992 3253 sui.

162 3375 248 3438 Boou
263 3377 464 3453 eeclesiastico,
485 3394 556 3455 quae
580 3376 618 3437 ad
640 3375 724 3454 ipsas
750 3371 898 3435 ecclesias
926 3370 1097 3450 pertinent,

124 3473 276 3538 differunt
290 3496 308 3537 a
321 3475 400 3536 bonis
410 3473 602 3551 clericatibus,
617 3492 689 3554 quae
705 3475 743 3534 ad
759 3472 846 3551 ipsos
861 3470 996 3533 clericos
1011 3483 1100 3546 spec·

121 3575 192 3638 tant
204 3577 237 3636 et
248 3572 281 3634 in
291 3570 508 3639 Decretalibus
524 3574 676 3638 dicuntur
687 3570 834 3654 peculium
846 3568 1027 3632 clericorum.
