2590 4262
231 315 283 364 220
394 315 551 379 Expostulo
573 314 749 360 METRODICA
770 315 853 360 sums
874 316 1036 360 ennomus

222 430 1198 511 rinmestdelietuminlocopunlieocommissumpresentibus

224 531 331 592 multis
345 549 353 604 ;
371 530 456 591 unde
470 530 509 590 ad
520 527 745 591 notorietetem
755 529 830 590 facti
840 531 1018 609 requiritur
1032 531 1196 608 tumlamn,

224 635 291 691 tum
307 628 500 689 adstantium
513 626 696 688 multitudo.
714 628 797 698 Quot
810 632 916 698 autem
930 628 1085 689 homines
1099 630 1196 690 adesse
1258 635 1259 640 ’

222 725 369 801 debeant,
384 743 449 786 non
469 731 517 788 est
527 725 597 803 Jure
613 724 779 786 definitum
795 744 802 798 ;
818 725 851 786 id
867 725 1066 804 relinquitur
1078 724 1196 788 arbitrio

163 851 164 858 ι
221 821 406 903 judicis(l).

621 967 750 1029 CAPUT
770 968 798 1027 II

382 1123 432 1174 lle
450 1124 628 1182 praecluus·
646 1126 815 1182 speciebus
835 1124 1045 1175 delictorum.

261 1286 298 1345 ln
324 1282 539 1346 Decretelibus
568 1281 691 1359 singula
718 1280 854 1344 crimine
881 1289 1094 1348 recensentur
1117 1283 1195 1362 juxta

222 1382 368 1444 ordinem
392 1378 551 1456 Decelogi.
574 1377 814 1441 Institutionum
832 1383 914 1443 ratio
934 1384 1092 1461 postulat,
1109 1387 1143 1444 ut
1162 1383 1192 1441 ad

222 1484 323 1542 certes
336 1477 457 1558 species
472 1476 526 1536 illa
541 1475 743 1540 reducantur.
1053 1521 1057 1530 .

256 1613 323 1665 Anu.
339 1611 359 1664 l.
388 1607 550 1663 criminum
563 1606 673 1679 species
683 1608 794 1664 ratione
809 1607 924 1679 objecti.

255 1699 321 1752 Aur.
336 1697 370 1752 ll.
386 1696 549 1751 Criminum
560 1697 669 1767 species
681 1696 792 1754 ratione
807 1711 1013 1768 personarum.

579 1897 831 1954 unricuuusr
926 1971 928 1976 ,

445 2065 579 2104 cumulum
599 2065 702 2104 SPECIES
721 2065 835 2104 RATIONE
854 2064 966 2103 OBJECTI·

255 2214 274 2277 ς
292 2215 319 2265 l.
342 2209 451 2266 Delicta
463 2209 571 2266 directe
583 2213 683 2265 contra
697 2210 790 2263 Deum
805 2207 967 2263 commisse.

254 2303 270 2365 ἓ
290 2301 320 2355 2.
342 2299 470 2356 Crimina
483 2299 589 2370 quibus
606 2297 714 2368 injurie
725 2298 756 2352 in
769 2313 814 2352 res
825 2299 882 2352 Deo
898 2311 992 2352 sacres
1008 2293 1141 2352 infertur.

333 2488 438 2566 ·§'1.-
455 2499 562 2551 Delicta
574 2499 681 2551 directe
694 2503 793 2551 contra
807 2498 892 2550 Deum
909 2497 1071 2551 commissa.

257 2665 286 2715 t.
308 2655 464 2729 Apostesis,
480 2653 607 2725 haeresis,
620 2653 756 2710 schisma.

253 2747 284 2798 2.
309 2739 503 2813 Blasphemie‚
526 2737 707 2808 sortilegium
727 2737 870 2806 (remissive
887 2737 922 2792 ad
943 2735 1111 2807 Tleeoloyiam
1130 2741 1179 2782 mo·

219 2832 481 2989 raldefferjurium,
497 2913 556 2970 voti
568 2913 684 2969 violatio
700 2911 843 2982 (remissive
861 2913 897 2968 ad
913 2911 1104 2986 Tluoloyium).

435 3107 472 3155 De
484 3105 614 3167 apostatis,
632 3101 757 3152 haereticis
770 3107 796 3151 et
805 3101 976 3152 schismaticis.

571 3263 592 3311 l.
604 3263 641 3314 De
654 3261 781 3324 apostasia
793 3265 838 3324 (2).

257 3416 421 3496 Aposnsia
435 3418 532 3480 latine
546 3419 761 3481 desertionem
783 3417 948 3498 significet.
968 3411 1026 3479 llio
1053 3407 1176 3482 sumitur

245 3567 277 3628 (1)
289 3563 517 3624 munitissimum,
527 3565 573 3613 dus
586 3563 839 3624 ecclesiasticum,lib.
852 3564 882 3624 V,
894 3565 934 3614 tit.
948 3579 966 3616 1.

249 3648 281 3710 (2)
293 3643 465 3696 Decrelolsttm
479 3643 524 3695 lib.
541 3645 572 3706 V,
582 3644 620 3694 tlt.
633 3657 670 3707 rx,
683 3643 716 3694 cle
727 3643 867 3708 spectatis.
