2590 4262
192 315 244 360 26⁰
360 314 516 360 exrosmo
537 314 713 358 nnunomcn
733 315 817 358 iulus
838 315 994 360 canomcr.

193 433 333 493 tenditur
356 437 391 493 ut
411 431 534 511 possint
554 447 629 492 eum
649 429 733 506 liliis,
751 431 858 506 servis,
885 431 1020 493 subditis
1044 448 1177 493 excom·

192 529 361 592 munientis
384 528 632 590 communicare.
662 529 752 590 Ratio
780 522 839 604 est,
880 530 956 608 quia
983 529 1174 591 societatem

192 625 348 706 ejusmodi
360 626 457 686 vitare
466 625 629 686 moraliter
637 630 813 704 nequeunt.

231 729 263 786 4.
275 727 410 786 Excusat
424 722 603 804 ipnorann'c
618 723 682 784 sive
689 721 781 802 juris,
804 723 868 785 sive
882 724 970 800 iacti,
992 725 1091 786 modo
1105 743 1174 786 uon

194 823 234 884 sit
253 823 409 884 affectata.

232 925 263 982 5.
277 919 418 998 Denique
433 925 562 981 excusat
584 919 734 983 necessitas
755 918 926 1000 spiritualis
945 921 993 982 vel
1007 926 1177 1000 tempora·

193 1017 243 1093 lis,
266 1019 329 1080 sive
352 1017 451 1096 ipsius
468 1016 748 1096 excommunicati,
767 1017 830 1078 sive
846 1019 993 1093 aliorum,
1009 1021 1111 1082 modo
1131 1018 1176 1080 sit

195 1133 307 1194 grans.

304 1319 331 1366 3.
350 1315 417 1375 Quid
430 1314 495 1392 juris
510 1313 577 1362 circo
591 1315 871 1364 excommunicationem
884 1315 1006 1364 minorem
1018 1318 1060 1378 (l).

233 1473 258 1534 1.
269 1466 564 1532 nxcommunicatio
577 1467 684 1530 minor
695 1486 760 1530 non
771 1468 943 1531 incurritur
955 1469 1017 1530 nisi
1029 1470 1072 1530 ob
1083 1486 1177 1530 com-

197 1568 445 1629 municationem
461 1582 535 1632 cum
548 1565 824 1628 excommunicato
838 1565 965 1628 vitando
978 1572 1069 1628 extra
1082 1584 1177 1628 casus

120 1654 122 1658 ⁴
196 1665 378 1746 permissos.
394 1667 562 1743 Nunquam
574 1662 754 1744 infligitura
764 1665 885 1744 judice,
900 1664 955 1725 sed
975 1682 994 1724 a
1009 1664 1082 1742 jure
1104 1669 1179 1726 tan·

198 1773 278 1826 turn.
1008 1789 1009 1794 ¹

236 1863 275 1923 ΙΙ.
298 1861 505 1940 Ejuseffectus
526 1861 643 1939 duplex
658 1865 715 1936 est,
741 1877 858 1939 nempe
878 1860 1017 1922 directus
1032 1865 1073 1922 et
1095 1860 1180 1922 indi-

199 1965 314 2020 rectus.
332 1959 470 2020 Effectus
481 1958 623 2020 directus
644 1963 692 2019 est
704 1956 838 2036 privatio
853 1956 975 2035 passiva
993 1975 1181 2021 sacramen·

199 2064 324 2131 torum;
349 2056 450 2117 activa
467 2073 541 2117 vero
565 2055 796 2117 administratio
825 2059 1096 2117 sacramentorum
1112 2073 1181 2117 non

199 2153 428 2231 estprohihita.

185 2329 187 2336 A
239 2250 554 2313 ludirectusellcctus
564 2255 612 2312 est
623 2249 758 2330 privatio
773 2249 938 2312 electionis
952 2251 994 2310 -ad
1010 2250 1177 2313 beneficia.

201 2349 293 2410 Ratio
312 2354 370 2422 est,
391 2349 465 2428 quia
477 2349 667 2412 heneficium
682 2366 719 2410 ex
731 2348 908 2410 intentione
928 2347 1081 2410 Ecclesiae
1099 2366 1181 2412 con·

200 2446 316 2521 fertur,
348 2450 383 2506 ut
416 2445 621 2508 beneficiatus
649 2446 776 2508 ordines
809 2463 914 2506 saeros
938 2447 1110 2524 suscipiat,
1148 2452 1180 2508 et

202 2541 307 2605 missae
332 2541 521 2605 sacrificium
547 2541 706 2618 celebret;
727 2541 812 2622 quod
835 2559 910 2602 eum
932 2547 1036 2604 stante
1062 2543 1180 2606 minori

202 2639 533 2702 excommunicatione
547 2656 612 2700 non
625 2639 735 2716 possit,
748 2638 902 2717 sequitur,
913 2638 1070 2702 indirecte
1083 2641 1181 2703 etiam

203 2735 1182 2816 taliexcommunicatoprohibitamesseelectionemadbene-

205 2834 319 2897 ficium.
335 2838 485 2897 Attamen
510 2834 624 2896 electio
650 2830 834 2914 hujusmodi
857 2852 921 2894 non
942 2834 1067 2896 ridetur
1089 2835 1182 2898 irrita

204 2932 274 3011 ipso
288 2932 370 3010 jure,
388 2950 462 2996 cum
477 2933 601 2995 dicatur
614 2932 784 2994 irritationi
800 2931 939 2993 obnoxia
957 2931 1009 3012 (2).

244 3031 297 3092 ill.
311 3029 606 3092 Excommunioatio
616 3031 721 3092 minor
729 3048 795 3091 non
806 3035 854 3091 est
865 3035 1037 3105 reservata;
1048 3031 1183 3109 proinde

206 3127 368 3189 absolvere
379 3129 419 3190 ab
437 3147 474 3192 ea
493 3133 598 3208 potest
623 3127 757 3209 quilibet
771 3128 920 3189 sacerdos
935 3128 1132 3206 approbatus
1145 3131 1181 3190 ad

208 3223 435 3287 absolvendum
454 3225 633 3305 apeeeotis
659 3225 786 3287 Etenim
812 3225 1005 3286 absolutius
1028 3227 1179 3302 censuris,

209 3329 359 3400 tanquam
371 3325 497 3402 praevia,
523 3323 666 3403 sequitur
686 3329 832 3386 naturam
845 3322 1055 3385 absolutionis
1077 3341 1094 3384 a
1113 3342 1186 3404 pec-

243 3504 275 3564 (1)
289 3504 412 3565 Mancini,
424 3505 597 3555 institutiones
608 3507 679 3570 juris
690 3507 812 3567 cononici,
822 3507 865 3557 lib.
881 3507 910 3567 V,
920 3507 961 3557 tit.
974 3520 1064 3556 xxxix.

241 3585 272 3641 (ἵ)
286 3583 448 3632 Decretulium
459 3585 502 3633 lib.
518 3585 547 3644 V,
557 3585 596 3634 tit.
613 3600 694 3646 mvn,
703 3586 734 3634 de
746 3586 843 3636 clerico
858 3586 1080 3636 excommunicato.

243 3665 277 3722 (3)
289 3663 416 3725 Strernler‚
430 3663 479 3710 Des
493 3665 577 3726 pernes
592 3665 798 3730 ecclesiasticum,
810 3673 877 3727 part.
897 3667 917 3725 l,
929 3673 993 3716 sect.
1010 3667 1051 3715 Vl.
