2604 4264
182 223 233 284 tte
355 219 512 266 EXPOSITIO
532 218 711 264 aurneinan
731 219 814 266 sutus
836 219 992 266 canorum.

182 341 306 404 ciorum
329 336 518 416 simpliciter
554 336 663 396 lactas.
699 336 748 396 Ad
776 336 945 397 Summum
968 336 1169 400 Pontificem

183 442 306 518 spectat
316 435 544 516 resignationes
558 433 799 512 episcopatuum
810 434 992 496 admittere.

223 537 276 597 lll.
304 534 439 613 Effectus
475 531 700 592 renuntiationis
731 550 750 594 a
782 533 945 610 superiore
984 535 1165 610 acceptatae

186 638 260 695 sunt
274 635 302 692 1.
319 636 356 692 ut
368 631 561 692 beneficium
583 633 749 691 censeatur
762 646 883 704 vacare,
902 634 933 690 et
948 629 1110 708 resignans
1125 629 1163 689 in

184 731 241 792 illo
256 730 307 808 jus
331 729 464 789 amittat.
481 730 630 788 Attamen
646 725 869 788 conditionalis
882 726 1055 806 resignatio
1068 728 1166 788 effec-

186 832 256 889 tum
285 843 376 887 suum
394 844 459 886 non
484 825 689 902 consequitur
702 828 775 884 ante
790 828 936 884 eventum
951 823 1164 885 conditionis.

185 929 267 984 -1,
288 926 328 985 Ut
351 923 522 1002 resignanti
545 923 584 982 ad
610 923 695 983 idem
710 919 899 982 beneficium
920 940 986 983 non
1007 923 1099 983 detur
1112 935 1169 980 re-

186 1039 320 1102 gressus,
349 1021 466 1081 nisiex
488 1038 571 1082 novo
594 1017 689 1081 titulo
713 1025 744 1081 et
760 1038 840 1081 nova
861 1021 1044 1098 collatione,
1066 1035 1167 1098 quam

187 1119 371 1180 renuntians
384 1125 548 1197 acceptare
561 1117 747 1196 regulariter
760 1136 824 1179 non
836 1118 1034 1195 prohibetur.
1111 1169 1116 1176 .

479 1352 513 1400 11.
528 1377 559 1386 -
573 1351 609 1400 De
628 1352 811 1413 permutatione
820 1353 855 1415 (t)

225 1526 274 1586 Ad
298 1521 548 1592 renuntiationes
564 1522 621 1584 sub
642 1522 826 1584 conditione
840 1523 938 1584 factas
953 1523 1097 1601 pertinet
1109 1523 1171 1584 be·

187 1621 375 1683 neficiorum
393 1620 596 1699 permutatio,
624 1638 695 1699 quae-
721 1621 919 1684 translationi
937 1621 1035 1682 etiam
1061 1621 1170 1682 affinis

190 1723 247 1780 est.

228 1815 402 1878 Definitur:
419 1819 529 1876 mutua
550 1814 782 1876 beneficiorum
807 1816 950 1877 dimissio
964 1815 1022 1876 sub
1037 1833 1074 1877 ea
1088 1831 1168 1876 oon-

190 1913 321 1988 ditione,
336 1918 370 1973 ut
383 1911 516 1990 quilibet
534 1911 697 1991 resignans
717 1913 848 1974 alterius
862 1914 1051 1992 resignantis
1066 1913 1169 1975 bene·

189 2009 298 2074 bolum
309 2016 531 2089 consequatur.
548 2009 649 2072 Licita
662 2015 693 2072 et
705 2011 810 2072 valida
824 2015 870 2072 est
887 2031 894 2072 :

229 2113 258 2169 1.
278 2109 312 2169 Si
326 2110 555 2188 resignantium
566 2113 701 2186 uterque
713 2127 806 2170 suurn
821 2109 1014 2170 beneficium
1028 2111 1169 2191 resignet

191 2207 225 2267 in
237 2222 350 2267 manus
377 2207 550 2284 superioris
568 2205 737 2283 Ordinarii,
754 2206 804 2268 cui
817 2205 1010 2268 beneficium
1030 2213 1078 2270 est
1094 2209 1170 2270 sub-

187 2303 320 2382 jectum.
723 2349 725 2360 ,

229 2404 260 2486 2.
288 2401 321 2462 Si
340 2400 456 2460 deinde
482 2399 665 2462 ordinarius
684 2401 838 2462 beneficia
860 2393 905 2462 sic
928 2401 1087 2482 resignata
1100 2419 1170 2481 per·

193 2497 346 2559 mutando
363 2498 505 2558 conserat
531 2499 607 2576 ipsis
622 2497 887 2578 permutantibus.

231 2597 261 2656 3.
280 2594 313 2656 Si
331 2611 456 2672 semper
473 2595 660 2658 interveniat
673 2595 832 2657 Ordinarii
848 2595 1034 2658 auctoritas.
1053 2598 1170 2669 Quam·

193 2691 238 2754 vis
257 2692 342 2754 enim
357 2697 573 2771 permutantes
584 2694 708 2772 possint
719 2693 803 2755 inter
816 2711 850 2768 se
862 2695 1032 2756 convenire
1048 2697 1087 2757 de
1099 2711 1170 2773 per·

194 2795 371 2855 mutatione
387 2794 542 2870 facienda,
566 2798 673 2855 tamen
700 2793 761 2855 hoc
786 2794 951 2872 negotium
973 2795 1171 2857 concludunt

171 2955 173 2959 ,
195 2892 412 2954 conditionate
433 2896 568 2968 tantum,
593 2892 619 2952 si
636 2891 793 2969 placuerit
814 2891 985 2969 superiori3
1020 2893 1066 2954 ita
1086 2898 1123 2954 ut
1145 2893 1171 2954 si

198 2987 317 3064 privata
330 2990 518 3052 auctoritate
534 2990 803 3068 permutationem
814 2990 933 3050 saciant
948 2991 1035 3054 inter
1048 3009 1094 3068 se,
1110 3007 1173 3052 non

196 3085 301 3145 solum
323 3087 413 3148 irrita
427 3087 467 3148 sit
484 3087 553 3148 talis
572 3087 775 3166 permutatio,
789 3087 844 3148 sed
864 3093 895 3148 et
910 3105 968 3166 per
982 3089 1173 3152 sententiam

193 3179 311 3257 judicis
328 3183 490 3246 benefieiis
504 3187 567 3246 suis
582 3186 698 3263 privari
710 3184 842 3264 possint.

236 3280 267 3336 1.
288 3279 321 3338 Si
342 3283 533 3356 permutatio
551 3285 605 3345 fiat
620 3301 658 3345 ex
676 3283 761 3361 justa
784 3298 877 3343 causa
891 3287 923 3344 et
941 3282 981 3343 ab
1004 3284 1174 3346 Ordinario

201 3372 338 3451 cognita,
362 3377 484 3438 scilicet
504 3379 537 3438 in
552 3379 696 3440 ecclesiae
710 3380 928 3454 commodum,
949 3381 998 3442 vel
1011 3382 1126 3443 saltem
1141 3381 1174 3442 in

229 3554 265 3619 (t)
279 3556 447 3608 Decretaliam
459 3558 504 3608 lib.
524 3559 569 3621 lIl,
580 3559 621 3610 tit.
640 3574 693 3622 xix,
707 3560 739 3609 de
750 3559 942 3612 Permutatioae.
