2618 4252
475 284 550 330 rans
570 245 734 337 secessus.
1039 268 1093 332 'ast

106 403 250 464 vantiam
260 403 340 483 juris
355 421 554 483 promovere,
576 404 829 484 religionemque
848 408 1016 484 protegere
1030 403 1092 466 sire

11 491 13 578 l
105 501 244 562 interius
255 519 313 580 per
324 503 409 582 leges
425 501 579 563 doctrinae
595 503 762 564 catholicae
777 502 1009 577 convenientes,
1027 502 1091 563 sive

108 597 251 660 exterius
263 615 320 677 per
334 597 553 676 expeditiones
565 599 731 660 cruciatos.
747 599 905 660 Dissoluta
919 599 979 660 luit
993 617 1096 679 apro-

11 713 13 752 l
108 695 325 758 testannsmo.
338 696 466 758 Utinam
477 702 619 777 resurgat
631 698 670 758 ad
682 698 921 758 diffundendam
931 697 1096 760 veritatem

11 791 12 840 1
108 798 148 854 et
161 795 319 856 culturam
333 795 502 856 socialcnrl
551 863 552 866 Ἴ
590 830 593 836 -

153 893 192 954 V.
210 891 360 954 Barbarie
377 909 443 953 non
462 892 587 972 penitus
602 894 752 969 exducis,
778 893 939 954 interdum
952 893 1096 953 Ecclesia
1148 956 1150 960 .

108 989 252 1052 luctatur
282 991 430 1050 adversus
445 1017 447 1023 ·
461 989 638 1068 passiones,
674 990 878 1070 Abrogantur'
903 991 1092 1065 investitura,

108 1087 228 1166 quihus
244 1088 371 1150 laeditnr
383 1088 511 1149 libertas
526 1089 601 1149 cleri
618 1093 649 1151 et
662 1088 913 1166 independentia
927 1088 1090 1150 Ecclesiae.

13 1197 16 1204 '
109 1187 325 1264 Imperatores
339 1185 494 1246 Henricus
505 1187 545 1248 IV
558 1191 589 1246 et
599 1185 779 1246 Fridericos
793 1187 820 1246 II
833 1187 1094 1248 constitutionem

109 1283 358 1344 Christianitatis
372 1281 498 1354 violant,
514 1283 652 1360 ideoque
669 1282 806 1360 depositi
822 1288 894 1342 sont
908 1281 961 1359 (l).

400 1514 411 1618 J
468 1538 689 1592 nnrrcnens
707 1537 736 1591 11

344 1740 456 1808 rualeno
476 1739 572 1780 sreros
593 1715 622 1778 nt
643 1737 788 1776 necnesrnn
810 1720 857 1794 (t).

150 1913 175 1972 l.
191 1909 238 1972 Ob
250 1911 386 1987 repetita
397 1909 539 1983 dissidia,
551 1909 667 1988 quibus
679 1909 888 1987 imperatores
899 1924 973 1969 cum
986 1911 1098 1970 Ponti--

109 2007 224 2069 ficibus
239 2008 342 2068 collisi
362 2013 445 2082 sunt,
462 2010 573 2067 mutua
587 2004 757 2068 sacerdotii
776 2010 807 2068 et
820 2004 948 2084 imperii
962 2023 1092 2067 concor-

109 2105 296 2168 dIatnrbata
309 2110 366 2166 est.
383 2105 616 2166 Haereticorum
629 2103 767 2165 versutia
778 2109 808 2165 et
813 2103 1091 2184 jurisconsultorum

108 2203 218 2264 invidio
232 2205 391 2264 Romanos
404 2203 574 2263 Pontifices
583 2202 681 2263 veluti
689 2201 810 2280 jurium
819 2202 1091 2264 civiliuminvaso-

107 2318 160 2362 res
180 2301 392 2361 tradiderunt.
424 2299 546 2360 Exinde
574 2299 684 2360 scissio
712 2299 876 2377 utriusque
912 2301 1087 2379 potestatis

112 2397 235 2458 sensim
251 2402 437 2475 praeparata,
456 2399 585 2459 demum
600 2400 707 2474 aperte
723 2395 924 2458 manifestata
942 2404 999 2460 est.

149 2496 189 2557 II.
207 2495 318 2556 Omnia
333 2495 366 2555 in
382 2495 471 2573 pejus
484 2512 576 2557 ruere
589 2500 765 2572 cleperent,
789 2486 958 2572 postquam
970 2494 1090 2575 Philop-

104 2611 165 2673 pus
182 2591 312 2652 Pctclrer
336 2593 409 2654 lites
428 2593 568 2653 funestas
595 2608 669 2653 cum
690 2591 855 2654 Bonifacio
877 2592 945 2654 VIII
964 2590 1088 2653 habuit.

107 2691 155 2750 Ex
167 2707 206 2751 eo
223 2695 378 2767 tempore,
400 2691 583 2751 decrescere
597 2690 722 2751 videtur
743 2691 880 2752 influxus
893 2688 1043 2750 Ecclesiae
1055 2689 1089 2750 in

107 2787 278 2850 societates
295 2787 413 2849 civiles.
1102 2850 1104 2854 ,

150 2885 207 2946 ΠΙ.
236 2886 368 2945 Romani
386 2883 546 2966 Pontifices
568 2883 715 2944 Aoear'oae
733 2881 859 2944 resideat
876 2881 1086 2961 (1308-1378).

108 2984 171 3044 Ista
188 2983 353 3044 translatio
378 2981 597 3061 gravissimum
616 2983 728 3042 vulnus
753 2969 995 3041 trimllcclesiae
1018 2984 1087 3042 tum

108 3081 291 3142 concordiae
316 3081 479 3159 utriusque
504 3078 669 3159 potestatis
692 3077 817 3139 inflixit.
842 3079 978 3138 Durante
1002 3076 1087 3138 enim

108 3178 167 3239 hae
189 3177 370 3257 captivItate
387 3177 586 3258 babylonica,
607 3182 643 3238 ut
663 3177 791 3251 dicitur,
812 3175 991 3252 Pontifices,
1013 3191 1087 3236 cnm
1157 3211 1163 3222 ·

108 3277 140 3340 in
161 3279 338 3342 honorifica
356 3280 437 3360 regis
463 3281 633 3341 Galliarum
661 3277 804 3344 custodia
824 3282 1020 3352 tenerentur,
1046 3276 1085 3338 ab

139 3460 300 3525 (I)Bianelri,
318 3463 353 3510 Dc
369 3461 394 3510 Ia
407 3461 539 3524 pm'sscaec
553 3461 748 3526 occidendique,
760 3462 802 3510 liv.
815 3463 847 3520 ΙΙ,
863 3462 906 3511 VI.

138 3542 175 3606 (2)
188 3541 300 3600 Iudicio,
315 3541 389 3588 Droit
411 3538 497 3616 public
516 3539 548 3588 de
564 3529 681 3603 I'Ir‘pttse,
693 3548 712 3590 t.
732 3541 766 3601 ΙΙ,
776 3540 816 3590 tit.
833 3550 908 3590 xxrn.
928 3567 960 3578 -
974 3539 1085 3601 Phillips‚

105 3621 140 3670 du
154 3621 230 3674 Diod
244 3619 437 3694 'ecclesiasticae
446 3619 510 3668 dans
522 3633 561 3668 ses
572 3618 700 3683 principes
713 3621 851 3684 pedereus,
861 3629 880 3672 t.
899 3621 944 3671 III.
