2618 4252
478 285 553 329 PARS
575 285 738 332 sentiatis.
1040 285 1092 335 28³

152 405 183 462 Ξ.
195 401 280 462 Olim
292 401 449 479 depositio
462 400 664 480 infligebatur
673 403 769 465 etiam
780 402 820 464 ch
832 403 956 465 minora
965 405 1091 468 delicta.

112 497 214 560 Hodie
229 514 382 560 veronen
396 500 497 560 fertur
511 498 571 559 nisi
585 499 627 560 ob
643 500 777 562 crimina
792 502 944 578 enormia,
960 507 992 564 et
1003 505 1093 566 valde

111 596 310 657 scandalosa.
328 634 331 640 -

151 693 313 755 Universae
328 711 438 773 graves
462 712 577 769 causae,
599 711 637 756 ex
659 694 774 773 quibus
797 697 836 756 ad
859 697 1094 775 depositionem

114 790 310 870 proceditur,
332 792 371 852 ad
394 791 455 853 tria
480 809 598 872 genera
615 793 807 854 referuntur.
833 793 972 855 Clericus
996 795 1095 874 depo·

113 887 200 949 nitur
213 887 359 970 caprinae
374 889 478 968 eapite,
495 907 569 952 cum
588 888 691 970 agitur
704 891 744 951 de
756 891 881 969 flagitiis
900 892 1094 963 enormibus,

114 1003 252 1065 quorum
265 985 467 1065 punitionem
481 988 673 1066 gravissimis
695 988 859 1068 suppliciis
881 991 1020 1067 postulat
1034 989 1096 1050 dis·

112 1083 247 1161 ciplina3
264 1103 302 1144 ea
321 1083 414 1145 altero
433 1085 538 1166 eapite,
555 1102 629 1146 oum
646 1085 781 1147 clericus
800 1103 836 1146 ea
853 1086 1092 1165 perpetraverit,

112 1198 184 1260 quae
213 1181 310 1242 statui
330 1182 471 1244 clericali
493 1184 717 1258 adversantur3
750 1201 787 1244 esa
810 1191 956 1263 postremo
980 1183 1093 1264 capite,

111 1295 187 1341 cum
210 1279 347 1341 clericus
370 1280 518 1342 habuerit
539 1281 669 1359 longam
695 1279 903 1359 delinquendi
929 1287 1096 1344 eonsuetu-

112 1376 271 1453 tudinem,
289 1382 331 1453 et,
348 1377 424 1439 licet
438 1378 558 1457 pluries
573 1378 725 1453 monituS,
741 1395 807 1439 non
819 1379 988 1457 resipuerit
999 1378 1051 1460 (l).

152 1477 184 1535 3.
208 1474 347 1536 Clericus
370 1475 534 1552 depositus
554 1474 671 1536 retinet
693 1474 895 1555 privilegium
916 1477 977 1537 fori
996 1481 1029 1538 et
1044 1494 1096 1540 ea-

112 1570 218 1647 nonis,
231 1569 291 1631 nisi
303 1577 334 1632 et
348 1572 410 1632 isto
425 1588 482 1649 per
496 1572 687 1633 sententiam
700 1569 850 1650 privetur.
866 1573 899 1634 Si
911 1590 985 1634 vero
996 1591 1096 1653 prop-

112 1673 163 1731 ter
177 1667 300 1730 minora
318 1668 434 1730 delicta
451 1670 615 1749 depositus
628 1669 734 1745 luerit,
752 1674 880 1747 peracta
894 1670 1093 1748 poenitentia,

112 1765 231 1844 poterit
244 1765 421 1844 Episcopus
436 1782 561 1827 cumea
576 1765 746 1826 emendato
759 1766 959 1844 dispensare3
977 1767 1095 1830 misero

113 1861 198 1923 enim
223 1860 444 1924 misericordia
465 1863 551 1924 haud
574 1863 771 1941 deneganda.
794 1863 941 1933 Quamvis
969 1862 1089 1926 directa

113 1959 205 2021 famae
221 1959 377 2022 restitutio
392 1961 433 2022 sit
448 1960 580 2021 Summo
593 1959 741 2021 Pontifici
756 1966 923 2035 reservata,
941 1966 1048 2024 tamen
1058 1961 1091 2022 id

113 2061 306 2136 potestatem
322 2057 473 2138 Episcopi
489 2077 553 2119 non
569 2059 714 2133 excedit;
729 2075 802 2119 nam
817 2057 878 2120 hoo
896 2059 993 2120 modo
1010 2059 1093 2120 fama

113 2159 179 2216 non
190 2156 378 2232 restituitur,
396 2157 457 2218 nisi
472 2157 642 2218 indirecte.

153 2254 191 2315 ll.
218 2253 399 2334 Bagradatio
428 2259 476 2316 est
501 2272 595 2333 paena
622 2270 684 2334 qua
713 2252 860 2328 clericus,
886 2252 926 2314 oh
950 2253 1094 2315 criminis

114 2349 312 2412 atrocitatem
327 2352 375 2412 vel
396 2350 719 2430 incorrigibilitatem,
743 2350 926 2412 solemniter
942 2351 1092 2429 privatur,

113 2464 178 2509 non
192 2448 297 2510 solum
312 2449 436 2525 ordine,
453 2447 571 2524 allicio,
585 2447 753 2523 beneficio,
771 2464 880 2508 rerum
895 2447 992 2510 etiam
1011 2452 1094 2510 statu

115 2543 266 2606 clericali.

153 2645 182 2703 l.
205 2643 327 2721 Duplex
348 2647 406 2718 est,
433 2659 497 2720 una
515 2641 651 2716 verbalis,
671 2642 769 2702 altera
786 2641 884 2702 reales.
904 2639 1093 2718 Degradatio

114 2737 248 2800 verbalis
261 2744 309 2800 est
321 2739 477 2800 sententia
488 2759 495 2812 ;
508 2737 602 2800 realis
617 2743 665 2801 est
676 2738 840 2798 sententiae
852 2736 1007 2798 executio
1020 2734 1095 2797 Sola

116 2834 299 2914 degradatio
312 2836 405 2896 realis
419 2836 620 2914 privilegium
635 2835 696 2895 tori
713 2839 744 2895 et
762 2833 891 2894 canonis
905 2833 1017 2893 aufert.

153 2931 344 3011 Degradatio
361 2930 495 2992 verbalis
515 2932 621 2992 differt
635 2950 654 2988 a
670 2929 854 3009 depositione,
870 2946 940 3007 quae
957 2945 1023 2988 non
1044 2944 1096 2989 or·

113 3030 243 3090 dinatur
261 3029 301 3088 ad
325 3028 586 3106 degradationem
609 3027 739 3086 realem.
760 3025 870 3087 Differt
894 3027 989 3088 ctiam
1007 3043 1027 3085 a
1047 3024 1096 3086 de·

111 3123 284 3207 gradatione
303 3124 387 3199 reale,
411 3130 480 3186 tum
503 3125 578 3203 quia
600 3124 670 3184 haee
690 3122 798 3203 privat
806 3122 977 3202 privilegiis
1002 3121 1097 3184 cleri-

112 3221 246 3298 calibus,
276 3226 344 3283 turn
374 3221 448 3300 quia
476 3218 661 3299 degradatio
692 3219 785 3280 realis
810 3221 846 3280 lit
871 3218 910 3279 ab
937 3219 1095 3297 Episcopo

113 3324 313 3395 consecrato,
341 3324 410 3380 turn
441 3317 516 3396 quia
546 3315 673 3377 realiter
709 3317 897 3396 degradatus
922 3316 1048 3378 nonnisi
1076 3333 1094 3376 a

114 3419 247 3480 Summo
262 3415 417 3479 Pontifice
432 3413 556 3476 restitui
574 3417 694 3492 potest.

146 3555 180 3615 (t)
194 3553 306 3617 Bererdi,
319 3551 506 3605 Commentario
519 3549 545 3602 io
554 3549 602 3618 jus
611 3548 819 3614 ecelesiasticam,
832 3556 853 3602 t.
869 3549 912 3612 lv,
925 3555 989 3612 part.
1003 3545 1093 3610 ll,dis·

111 3639 174 3684 eert.
193 3633 233 3684 lV.
