2604 4264
209 303 262 358 176
375 310 530 356 oxeosmo
550 307 729 354 economus
751 307 834 354 tonis
855 307 1011 353 cenorum.

208 434 324 508 potest,
341 429 389 489 vel
399 447 478 508 poro
489 444 543 487 seu
557 425 691 505 simplex
703 431 733 487 et
748 425 901 499 absoluta,
912 425 960 485 vel
974 421 1188 487 conditionalis.

248 527 284 589 ΙΙ.
303 523 485 587 Conditaones
495 523 647 604 requisitor
663 531 697 584 ut
712 522 809 584 valido
822 523 860 584 sit
874 521 1061 584 renuntiatio.

249 627 277 684 l.
296 623 435 698 Quoenorn
450 621 586 703 beneficio
598 620 745 700 resignari
752 620 862 699 possint
873 619 889 681 ἶ)
902 655 941 665 -—
959 619 1072 681 Omnia
1086 617 1187 680 bene-

211 720 281 782 ficia
296 721 373 798 (imo
389 720 484 780 etiam
497 717 631 796 dignitas
645 717 782 797 Papalis)
797 716 948 797 resignari
962 720 1105 795 possunt,
1119 715 1183 777 nisi

210 817 391 894 specialiter
420 816 484 876 sint
502 820 642 893 excepta.
670 815 761 876 Ratio
794 819 851 890 est,
870 807 943 892 quia
965 812 1101 892 quilibet
1119 813 1185 892 iuri

209 914 340 992 proprio
362 912 541 973 renuntiare
556 917 676 990 potest.
703 914 853 974 Attamen
874 911 1045 973 discrimen
1066 910 1189 972 iacien-

211 1010 351 1072 domest
368 999 451 1072 inter
468 1009 644 1071 beneficia:
668 1026 743 1069 nam
765 1008 992 1087 resignationes
1014 1008 1190 1070 beneficio·

209 1123 280 1166 rum
300 1106 494 1184 simplicium
515 1107 607 1168 facile
621 1105 845 1182 admittuntur,
863 1106 1025 1167 difficilius
1047 1105 1189 1184 resigna-

209 1203 312 1265 tiones
344 1203 577 1282 parochiarum,
602 1203 715 1282 majori
741 1204 929 1266 difficultate
956 1202 1188 1284 resignationes

209 1301 453 1380 Episcoporum.

249 1398 459 1476 Excipiuntur
472 1395 624 1458 beneficia
639 1398 778 1479 litigioso,
792 1399 907 1477 quihus
928 1398 1055 1460 nonnisi
1068 1398 1102 1459 in
1118 1417 1193 1478 gra·

211 1495 288 1556 tiam
300 1494 504 1572 collitigantis
521 1495 695 1557 renuntiari
715 1500 841 1574 potest;
863 1495 1030 1570 beneficia,
1046 1497 1085 1557 ad
1103 1514 1190 1575 quo-

210 1611 281 1655 rum
310 1593 429 1652 titolum
458 1593 528 1671 quis
553 1594 716 1655 ordinatus
740 1599 799 1669 est,
832 1594 893 1654 nisi
917 1594 1046 1655 aliunde
1069 1592 1189 1655 habeat

209 1689 376 1751 honestam
406 1691 668 1753 sustentationem
692 1711 700 1766 ;
731 1691 902 1766 beneficia,
932 1691 1046 1768 quihus
1070 1691 1188 1770 aliquis

210 1787 271 1868 ipso
280 1787 355 1867 jure
366 1787 502 1868 privatus
516 1787 632 1863 existit,
642 1784 697 1849 ‘vel
712 1789 752 1848 ad
767 1806 838 1866 quae
851 1788 974 1850 nullum
988 1788 1121 1850 titulum
1134 1805 1189 1850 ca-

210 1884 362 1946 nonicum
389 1885 495 1960 habet,
523 1902 597 1946 nam
623 1885 757 1948 clericus
781 1886 962 1948 renuntiare
985 1886 1097 1966 nequit
1121 1887 1188 1967 juri

212 1983 297 2060 quod
311 1982 372 2060 ipsi
389 2001 454 2044 non
469 1981 634 2063 competit.

251 2082 280 2139 t.
301 2079 426 2155 (turnum
440 2081 588 2162 resignare
605 2080 791 2161 possentl-
810 2081 1008 2160 Regulariter
1027 2081 1187 2162 resignare

210 2182 345 2254 possunt
362 2196 482 2254 omneS,
498 2179 552 2257 qui
565 2178 745 2256 specialiter
759 2197 775 2238 a
791 2179 861 2258 jure
883 2197 948 2240 non
965 2178 1186 2257 prohihentur.

251 2273 462 2336 Prohibentur
474 2282 580 2337 autem
590 2276 689 2356 primo
703 2275 813 2337 furiosi
826 2280 858 2337 et
872 2276 1046 2355 generatim
1061 2275 1186 2337 delibe-

211 2371 341 2432 rationis
360 2372 546 2450 incapaces;
569 2372 690 2433 ramardo
718 2373 826 2434 clerici
850 2372 1014 2435 constituti
1035 2374 1069 2434 in
1090 2373 1189 2436 sacris

212 2468 387 2542 ordinibus,
409 2469 435 2528 si
455 2475 582 2531 careant
608 2469 715 2530 debita
734 2471 987 2546 sustentatione;
1013 2470 1109 2547 tertio,
1132 2488 1191 2533 no·

210 2565 288 2639 vitii,
310 2565 370 2626 nisi
390 2565 514 2626 duobus
534 2566 698 2627 mensibus
717 2573 790 2629 ante
810 2568 1061 2645 professionem3
1079 2577 1189 2650 qnorto

211 2663 413 2736 criminosus
430 2663 454 2722 si
477 2663 518 2724 ob
541 2663 663 2724 crimen
682 2663 751 2741 ipso
769 2665 840 2743 jure
865 2666 1003 2743 privatus
1027 2666 1068 2729 sit
1091 2666 1191 2728 bene-

211 2761 284 2822 ficio
299 2781 307 2836 ;
323 2759 435 2842 quinto,
452 2760 598 2822 infirmus
619 2760 720 2822 valide
739 2779 804 2822 non
821 2763 981 2824 renuntiat
999 2763 1032 2823 in
1047 2764 1189 2826 favorem

211 2858 309 2933 tertii,
334 2857 395 2918 nisi
414 2862 487 2936 post
509 2857 779 2919 renuntiationem
794 2859 969 2938 supervivat
985 2861 1098 2940 viginti
1120 2861 1189 2923 dies

212 2957 400 3034 completos.
413 2955 504 3016 Ratio
515 2955 577 3018 hoc
590 2955 747 3016 statuendi
758 2956 818 3019 luit
829 2957 1023 3036 gravissima,
1039 2965 1077 3020 ut
1090 2957 1192 3040 impe·

213 3051 356 3114 direntur
367 3053 576 3114 haereditariae
589 3053 804 3116 successiones
813 3053 846 3113 in
857 3053 1036 3118 beneficiis.

252 3151 283 3210 3.
295 3149 389 3210 Justoe
404 3169 498 3212 consor
516 3149 692 3232 resignandi.
714 3151 793 3212 Cum
807 3150 967 3213 beneficiis
982 3169 1108 3214 annexa
1128 3154 1192 3216 sint

214 3258 345 3304 munera
370 3242 508 3329 publica,
527 3266 593 3310 non
613 3267 671 3327 pro
686 3247 818 3309 arbitrio
844 3249 977 3311 clericus
1003 3257 1189 3332 susceptum

213 3340 403 3404 beneficium
424 3345 584 3408 dimittere
603 3351 729 3426 potest;
743 3365 818 3408 nam
832 3348 890 3409 ista
907 3348 1037 3411 libertas
1058 3352 1191 3412 cederet

212 3436 246 3498 in
270 3438 496 3503 detrimentum
518 3443 679 3507 Ecclesiae.
701 3445 802 3522 Igitur
822 3445 991 3524 resignatio
1010 3446 1081 3508 fleri
1094 3447 1193 3510 debet

213 3550 251 3595 ex
259 3533 344 3613 justa
358 3551 451 3596 causa
467 3537 626 3601 nobilitati
636 3540 783 3603 beneficii
797 3543 1048 3620 proportionata.

256 3632 363 3694 Causae
386 3633 426 3693 ad
441 3634 680 3715 episcopatuum
698 3639 943 3718 resignationem
966 3642 1006 3704 ab
1034 3644 1192 3704 Innocen-
