2604 4264
254 275 304 320 184
416 272 573 320 Exlosmo
594 270 771 317 nnnuomct
791 274 874 320 sulus
896 272 1067 318 CANONICI.

252 400 362 471 vertat,
395 411 466 473 quae
490 391 671 454 reficienda
691 391 820 481 falerinae
849 393 1039 455 addicenda
1074 398 1156 457 sunt.
1186 400 1225 458 Ad

253 489 404 550 arcendas
428 485 585 566 ejusmodi
604 483 812 563 suspiciones,
831 485 911 547 nihil
931 485 1040 563 magis
1056 490 1164 563 aptum
1177 495 1224 563 est,

255 603 350 666 quam
372 587 524 664 deputare
540 584 697 662 quosdam
715 583 779 644 loci
794 583 984 663 praeoipuos
1010 581 1109 657 cium,
1128 567 1226 664 quisi-

257 685 322 744 mul
339 700 413 744 cum
430 683 570 760 parocho
583 682 624 742 de
638 680 688 742 his
701 680 853 742 omuibus
870 680 1064 742 deliberent
1076 686 1163 759 atque
1176 685 1224 746 dc·

258 786 401 844 cernant.

295 883 326 939 2.
342 881 423 938 Dum
438 878 478 937 ad
500 876 687 938 solvendum
706 875 857 952 adigendi
879 881 956 936 sunt
982 876 1133 938 ecclesie
1152 895 1223 957 pero

257 975 369 1038 chialis
383 973 553 1046 debitores,
567 971 695 1051 expedit
708 971 787 1034 illud
804 989 870 1034 non
879 972 919 1034 ab
932 973 1010 1051 ipso
1028 977 1150 1036 rectore
1158 975 1218 1051 lieri,

258 1072 313 1134 sed
329 1090 347 1132 a
362 1073 512 1150 deputato
526 1071 683 1132 laicorum
694 1078 789 1132 coetu.
806 1069 920 1132 Merito
934 1071 1127 1133 existimant
1139 1074 1221 1133 matri-

259 1169 395 1234 cularios
409 1171 443 1229 in
460 1171 545 1230 huuc
563 1171 661 1231 [inem
676 1169 765 1230 instit
789 1172 838 1230 tos
855 1167 964 1228 fuisse.

298 1268 352 1329 IV.
364 1268 479 1330 Carent
492 1265 638 1338 concilia,
649 1283 689 1326 ne
701 1265 750 1326 his
762 1264 851 1326 laicis
862 1265 949 1339 solis,
974 1266 1033 1325 sed
1048 1266 1150 1342 potius
1167 1282 1219 1326 cun

259 1362 335 1443 ipsis
344 1363 497 1443 parocho,
511 1362 597 1422 velut
609 1360 789 1439 principali,
801 1362 944 1422 officium
956 1361 1090 1424 fabricae
1104 1379 1157 1423 seu
1165 1379 1218 1440 pro·

261 1461 381 1525 curatio
394 1459 538 1522 ecclesiae
551 1457 781 1521 committatur.
798 1448 949 1537 Aspiritu
966 1477 1128 1520 canonum
1141 1458 1218 1519 aliena

262 1564 309 1622 est
338 1560 394 1618 illa
427 1559 637 1642 quarumdam
665 1557 773 1634 legum
798 1556 940 1618 civilium
977 1555 1157 1636 dispositi0,
1177 1573 1216 1634 per

262 1672 358 1735 quam
370 1661 436 1717 tota
452 1655 644 1716 fabricarum
663 1654 896 1716 administratio
917 1654 985 1716 sive
1008 1653 1217 1732 magistratibus

262 1751 412 1832 politicis,
426 1752 489 1814 sive
501 1751 659 1830 deputatis
670 1769 709 1812 ex
720 1753 950 1814 communitate
967 1750 1171 1814 concreditur.

304 1851 340 1910 In
362 1851 551 1928 antiquitate
576 1850 700 1911 nullum
722 1850 881 1928 reperitur
899 1851 1073 1929 vestigium
1094 1847 1221 1910 adminis·.

263 1953 354 2008 tratae
366 1947 413 2008 rei
425 1948 609 2026 temporalis
632 1947 839 2008 ecclesiarum
860 1966 878 2007 a
900 1947 978 2008 viris
998 1949 1098 2021 laicis,
1114 1945 1215 2007 nornine

264 2045 429 2121 potestatis
443 2043 613 2106 saecularis.
631 2045 667 2105 Id
682 2041 786 2106 evenit
802 2043 959 2119 mitellis,
976 2047 1107 2124 quando
1115 2043 1214 2119 istapo·

264 2146 360 2203 testas
371 2142 403 2202 in
418 2143 477 2202 hac
491 2159 536 2216 re,
553 2140 634 2203 sicut
645 2139 680 2201 in
693 2146 741 2203 tot
753 2141 833 2214 aliis
851 2142 1018 2220 propriam
1032 2138 1168 2205 Ecclesia
1176 2137 1212 2214 ju-

266 2236 487 2326 risdictionem
501 2239 629 2301 invasit.

622 2447 842 2504 ARTICULUS
861 2449 889 2502 ll

427 2613 460 2652 DE
479 2613 551 2652 MODO
565 2612 777 2652 nnullllstnallnl
792 2613 920 2654 ECCLESIAE
939 2612 1086 2654 leontium

308 2759 498 2821 Interiorum
524 2757 818 2822 administratorum
855 2779 970 2822 munus
1002 2765 1049 2824 est
1074 2750 1213 2840 generatim

270 2858 363 2920 honis
377 2856 505 2920 fabricae
531 2856 666 2933 tuendiS,
680 2857 850 2934 servandis,
868 2859 1033 2939 augendis,
1052 2853 1159 2932 riteque
1169 2849 1213 2908 im·

271 2957 447 3034 pendendis
461 2973 571 3017 curam
585 2957 672 3028 dare,
690 2960 722 3018 et
737 2958 860 3036 regulas
868 2956 1013 3036 ipsorum
1029 2951 1126 3016 officie¹
1138 2941 1212 3024 respi-

273 3054 390 3116 cientes
408 3043 585 3116 observare.
602 3055 638 3114 In
659 3053 764 3131 specie
778 3054 895 3116 dehent

312 3151 335 3210 1.
349 3150 549 3213 Inventoriom
562 3150 685 3231 legibus
712 3151 934 3230 praescriptum
946 3167 1069 3215 summa
1081 3155 1211 3210 euraccu-

274 3245 379 3323 ficere,
393 3265 466 3310 cum
482 3251 590 3312 sedula
605 3246 818 3311 mutationum
833 3249 1085 3330 contingentium
1106 3239 1211 3304 adnota·

274 3342 362 3404 tione
375 3345 429 3422 (l).

306 3520 339 3582 (1)
352 3521 485 3570 Decretum
498 3520 602 3572 Consilii
612 3521 759 3573 Viennensis
773 3525 878 3574 relatum
889 3525 916 3581 in
928 3538 982 3586 cap.
998 3523 1058 3586 otoo
1071 3509 1180 3577 continuit,
1188 3503 1208 3554 le

196 3673 198 3676 Ι
274 3597 351 3664 ueltq.
364 3599 429 3650 dont.
445 3599 472 3650 in
486 3599 604 3652 clement.
619 3627 649 3639 -
661 3603 754 3654 SixtiV
771 3611 850 3658 const.
862 3603 977 3658 Procedo.
