2590 4262
474 232 548 278 Plus
569 233 733 278 sauciatis.
1042 235 1093 282 att

112 349 273 430 regulares
292 365 444 427 personas
467 351 599 429 quidem
616 352 823 429 interdicunt,
843 370 910 416 non
929 371 1001 417 vero
1023 357 1095 418 loca

110 448 154 512 ob
167 450 331 526 receptam
345 448 625 512 consuetudinem.

128 602 131 608 ,
151 545 190 606 ΙΙ.
206 541 378 623 Setjectum
393 543 554 607 interdicti
566 546 727 626 personalis
741 551 789 609 est
809 546 908 610 homo
926 549 1029 632 tidelis
1044 552 1092 611 vei

110 641 218 720 aliqua
237 642 461 703 communitas.
486 643 652 706 interdicti
671 649 779 706 autem
800 645 899 706 localis
913 647 1093 726 subjeetum

111 745 160 802 est
172 739 262 801 locus
273 739 489 818 jurisdictioni
499 739 723 804 interdicentis
739 742 897 806 subditus.

150 838 204 898 ili.
223 834 319 898 Causa
336 836 486 898 interdicti
503 843 550 900 est
566 839 660 917 culpa
674 839 819 902 mortalis
835 858 909 903 oum
925 848 1092 905 contuma-

109 934 171 997 cia.
187 935 266 996 tlum
281 951 375 1012 poena
388 934 504 996 debeat
520 937 623 1014 culpae
638 938 885 1016 proportionari,
902 941 1092 1020 regulariter

111 1032 319 1094 interdictum
333 1033 480 1112 gencrale
491 1050 557 1094 non
571 1034 672 1095 iertur
684 1034 744 1094 nisi
757 1035 798 1096 oh
812 1037 939 1114 culpam
951 1054 1092 1100 commu·

110 1147 201 1192 nem.
233 1129 328 1190 Velut
356 1134 534 1190 extremum
563 1131 743 1193 remedium
770 1133 872 1194 lertur
898 1133 940 1195 ob
969 1135 1091 1198 crimen

110 1227 188 1306 ejus,
206 1225 260 1304 qui
275 1225 419 1287 societati
432 1231 563 1304 praest.
581 1227 615 1290 Si
628 1244 686 1305 per
697 1228 776 1289 illud
792 1229 890 1290 etiam
906 1231 1091 1295 innocentes

109 1341 214 1403 poenae
241 1322 463 1402 subjiciuntur,
491 1340 561 1385 eam
590 1324 722 1403 quidem
748 1327 914 1403 perierunt
939 1334 1090 1408 tanquam

111 1421 255 1485 membra
269 1420 443 1496 societatis·
456 1419 490 1480 in
503 1438 599 1498 quam
613 1421 729 1484 merito
744 1440 836 1501 poena
849 1425 1008 1488 statuitur.

151 1521 205 1584 IV.
220 1517 329 1579 Formo
343 1518 514 1592 ordinaria,
532 1535 593 1597 qua
607 1519 707 1582 fertur
721 1520 929 1584 interdictum
944 1539 1001 1601 per
1019 1541 1090 1585 mo·

111 1617 191 1678 dum
204 1633 353 1689 censurae,
364 1614 549 1676 consistitin
561 1631 610 1689 eo,
624 1616 708 1693 quod
720 1618 881 1694 precedat
894 1618 1041 1695 monitio,
1058 1623 1089 1681 et

111 1713 268 1776 sententia
277 1712 475 1790 concipiatur
484 1711 518 1770 in
529 1711 668 1789 scriptis.

150 1812 184 1874 Si
198 1827 272 1874 vero
285 1811 451 1889 personale
461 1809 670 1872 interdictum
685 1811 822 1890 speciale
837 1813 957 1874 feratur
970 1813 1028 1875 sub
1039 1829 1089 1874 ra-

109 1910 196 1973 tione
209 1925 312 1988 poenae
327 1907 536 1983 vindicatum,
553 1925 619 1968 non
632 1909 805 1988 requiritur
819 1910 878 1970 ista
892 1911 1086 1986 solemnitas,

110 2009 166 2069 sed
184 2007 302 2069 sulficit
316 2006 421 2067 forma
435 2010 587 2068 consueta
604 2006 639 2065 in
654 2005 777 2085 jndicio
796 2008 965 2071 criminali.
989 2011 1089 2070 Inter·

111 2104 197 2166 dicta
208 2101 377 2184 generalia,
393 2104 572 2183 praesertim
588 2104 714 2181 localia,
733 2122 799 2166 non
813 2106 917 2168 solent
933 2106 1009 2168 lerri
1031 2121 1089 2186 per

111 2203 245 2263 modum
259 2219 361 2280 poenae
381 2201 592 2269 vindicativae.
615 2201 689 2280 quia
707 2202 908 2281 gravissunt,
931 2207 962 2265 et
980 2203 1087 2265 multis

109 2298 203 2360 bonis
218 2298 433 2378 spiritualibus
447 2299 583 2376 privant.

424 2498 449 2546 3.
465 2496 572 2546 Effectus
582 2495 710 2547 interdicti
722 2497 766 2560 (1).

145 2652 169 2712 i.
184 2651 253 2713 Non
265 2649 372 2712 statim
382 2650 526 2731 apprime
541 2651 696 2728 constitit,
716 2653 847 2732 quinam
870 2658 975 2713 essent
990 2650 1086 2713 elleo-

108 2753 155 2810 tus
178 2749 433 2824 interdictorum,
461 2768 533 2830 quae
559 2751 718 2830 originem
743 2753 864 2813 ducunt
884 2750 922 2810 ab
946 2749 1086 2828 antiquis

9 2857 12 2868 '
107 2846 489 2909 excommunicationibus
507 2847 689 2910 levioribus.
714 2847 862 2910 censuris
883 2847 1006 2907 veroin
1022 2851 1085 2908 tres

106 2943 227 3022 speeies
248 2942 418 3030 distinctis,
441 2944 627 3022 designandi
647 2951 737 3006 erant
759 2944 837 3008 certi
862 2944 1003 3018 allectus
1031 2944 1086 3022 qui

105 3042 277 3106 interdicto
303 3040 521 3102 convenirent.
548 3042 625 3104 Post
648 3042 856 3104 constitutam
880 3040 1086 3119 disciplinam

105 3139 349 3204 interdictorum
362 3139 524 3213 localium,
540 3139 655 3201 clarius
667 3157 820 3218 apparere
831 3139 939 3218 erepit,
954 3136 1085 3218 quinam

105 3237 350 3302 essentelleotus
362 3235 524 3298 interdicti
540 3237 716 3314 personalis
728 3242 760 3299 et
772 3237 875 3298 mixti.

143 3339 291 3400 Jemvero
317 3338 454 3414 quatuor
477 3337 702 3396 enumerantur
725 3335 855 3398 allectus
882 3335 1045 3398 interdicti
1074 3355 1081 3397 :

135 3489 171 3550 ll)
194 3487 305 3550 lierardi,
326 3486 511 3538 Commentario
529 3485 555 3536 in
572 3485 620 3550 jus
640 3485 845 3552 ecclesiasticum,
866 3495 888 3540 t.
909 3488 952 3553 1v,
967 3495 1034 3552 part.
1050 3487 1084 3550 11,

108 3570 208 3620 dissert.
224 3567 267 3620 ill.
