2618 4252
196 252 251 298 278
372 249 532 295 uxrosmm
553 248 731 296 unruoulca
750 249 835 294 touls
856 249 1012 295 CANONIGI.

234 369 272 429 II.
295 365 419 426 Iudicem
438 365 602 426 cessationis
618 386 637 426 a
655 365 762 426 divinis
775 365 913 445 requirit
929 371 1106 444 auctorem,
1122 367 1182 430 oh-

192 467 315 546 jectum
338 471 371 525 et
391 465 543 526 formam.

238 566 267 623 1.
282 561 418 622 Potestas
429 561 518 621 illam
538 559 701 622 indicendi
720 559 875 640 competit
892 560 932 633 ei,
951 560 1006 639 qui
1026 561 1179 640 jurisdic-

199 659 318 721 tionem
328 656 464 718 habetin
476 657 546 717 foro
558 649 699 718 enemo.
712 655 849 717 Proinde
858 657 1009 717 Summus
1017 659 1176 734 Pontifex,

197 755 384 834 Episcopus,
401 753 577 833 capitulum
602 755 677 816 sede
694 758 825 815 vacante
845 759 979 832 possunt
1007 769 1078 817 eam
1093 757 1181 817 indi·

199 870 284 916 cere.

237 951 268 1009 Ξ.
286 947 438 1029 objectum
454 947 539 1009 illius
559 951 606 1009 est
631 947 785 1010 delictum
801 949 1020 1027 gravissimum
1035 955 1067 1011 et
1084 954 1180 1012 noto-

199 1047 293 1108 rium.
318 1047 477 1107 Delictum
490 1046 585 1107 debet
614 1062 681 1107 esse
695 1045 762 1124 ejus
788 1045 957 1124 qualitatis,
973 1052 1011 1108 ut
1030 1047 1182 1127 adaequet

201 1145 317 1205 damna
328 1159 366 1203 ex
376 1143 552 1205 cessatione
565 1142 795 1221 provenientia3
813 1159 895 1221 quae,
907 1160 982 1205 cum
995 1145 1184 1224 gravissima

200 1241 486 1321 sintpravissimnm
496 1240 648 1302 delictum
662 1238 969 1318 exigunt.{l)elictnm
984 1241 1071 1304 istud
1084 1242 1185 1306 debet

201 1355 270 1400 esse
285 1339 441 1413 morium,
462 1341 493 1398 et
511 1337 714 1398 manifestum
736 1338 928 1400 notorietate
947 1337 1034 1416 facti,
1049 1345 1088 1403 ut
1114 1342 1184 1421 ejus

200 1437 350 1499 scandalo
365 1434 466 1514 possit
487 1435 663 1496 cessatione
677 1435 817 1496 occurri.

242 1537 272 1596 3.
291 1533 400 1594 Formo
412 1530 719 1594 servandaconsistit
733 1532 767 1592 in
782 1549 831 1608 ec,
847 1534 933 1610 quod
949 1533 1038 1612 prius
1049 1551 1183 1598 monea-

114 1636 117 1639 ”
204 1639 254 1694 tur
269 1631 456 1710 delinquens
478 1631 518 1690 de
540 1629 755 1692 satisfactione
771 1631 960 1710 praestanda,
980 1636 1013 1694 et
1033 1634 1185 1696 renuenti

202 1729 347 1792 tradatur
376 1727 626 1789 instrumentum
663 1727 848 1790 cessationis
877 1745 952 1789 cum
977 1731 1185 1809 expressione

203 1841 309 1886 causae
329 1823 380 1902 (l).

244 1924 296 1984 Ill.
313 1921 451 2000 Effectus
464 1921 660 1982 cessationisa
674 1920 783 1982 divinis
797 1926 844 1982 est
856 1923 991 2001 privatio
1003 1923 1188 1986 divinorum

207 2019 398 2093 officiorum,
416 2023 699 2096 sacramentorum,
715 2025 746 2081 et
768 2021 939 2098 sepultura
955 2038 1064 2084 sacrae.

242 2117 483 2193 l.lCessatione
498 2117 600 2178 valide
623 2117 754 2194 indicta,
770 2118 876 2180 officia
888 2119 994 2180 divina
1011 2137 1078 2181 non
1104 2121 1192 2182 cele·
1296 2159 1297 2184 r

203 2210 347 2272 brantur.
368 2210 448 2286 lmo,
463 2211 502 2270 ad
517 2210 606 2270 illam
619 2226 685 2271 non
702 2211 882 2272 extenditur
895 2211 1105 2292 privilegium,
1123 2231 1190 2292 quo
1296 2253 1297 2256 =

204 2308 281 2370 licet
304 2313 449 2386 tempore
471 2305 633 2369 interdicti
648 2306 758 2370 missas
785 2309 922 2388 privatas
940 2309 1046 2387 januis
1071 2311 1190 2372 clausis
1296 2353 1297 2378 ,

203 2405 321 2484 legere.
341 2404 577 2466 consuetudine
592 2407 699 2466 tamen
718 2411 884 2485 receptum
897 2412 954 2482 est,
967 2412 1003 2468 ut
1015 2409 1190 2486 praecipuis

204 2500 430 2564 festivitatibus
447 2500 616 2564 missarum
627 2503 783 2564 solemnia
797 2504 1011 2566 celebrentur.
1296 2499 1297 2512 *

245 2602 276 2660 2.
309 2600 442 2659 Attente
460 2597 564 2678 rigore
588 2598 679 2677 jnris,
694 2601 779 2660 solus
800 2599 976 2678 baptismus
990 2601 1139 2680 parvulis,
1157 2607 1191 2665 et

206 2695 417 2757 morientibus
432 2695 630 2774 poenitentia,
645 2700 740 2775 atque
755 2697 913 2760 viaticum
927 2699 1100 2760 ministrari
1111 2717 1192 2778 pos·
1296 2723 1297 2772 a

206 2797 281 2854 sunt
303 2800 449 2871 tempore
463 2792 649 2854 cessationis
678 2810 697 2853 a
720 2791 845 2876 divinis.
873 2797 914 2856 At
929 2813 967 2856 ex
992 2796 1192 2876 benignitate
1296 2817 1297 2848 1

207 2891 360 2953 Ecclesia
377 2891 502 2952 videtur
518 2889 689 2966 indultum,
708 2896 742 2953 ut
760 2891 856 2954 etiam
871 2891 1047 2972 baptismus
1058 2895 1191 2972 adultis,
1296 2863 1297 2906 ἒ

206 2989 416 3065 confirmatio,
434 2987 621 3067 poenitentia
646 2989 877 3064 ministrentur,
894 2996 926 3052 et
948 2990 1192 3054 matrimonium
1296 3009 1297 3066 ξ

208 3086 277 3148 sine
303 3085 503 3147 solemnitate
521 3085 655 3164 nuptiali
682 3086 897 3149 contrahatur.
923 3089 1009 3150 Ordo
1022 3105 1110 3166 vero,
1131 3089 1193 3151 Eu·
1296 3147 1297 3170 ,

208 3183 358 3244 charistia
372 3183 467 3258 sanis,
484 3187 517 3246 et
529 3185 679 3245 Extrema
693 3184 816 3254 Unctio
842 3184 1042 3247 moribundis
1054 3204 1120 3248 non
1133 3187 1194 3247 mi·
1296 3187 1297 3254 ,

208 3278 394 3355 nistrantur‚
410 3279 471 3340 nisi
493 3298 578 3361 aeger
599 3281 686 3343 aliud
710 3287 944 3344 sacramentum
974 3284 1119 3366 recipere
1133 3301 1195 3348 ne·
1296 3331 1297 3336 η

209 3378 326 3453 queat:
354 3379 431 3438 tunc
458 3377 544 3440 euim
564 3382 705 3442 extreme
731 3380 806 3459 ungi
829 3385 947 3459 potest,
961 3386 998 3446 ut
1021 3399 1061 3444 ex
1080 3383 1196 3446 attrito
1296 3385 1297 3412 ¹

211 3469 265 3532 fiat
279 3463 445 3534 contritus.

241 3600 275 3662 (1)
283 3600 511 3669 Schmalzgrueber,
524 3605 570 3656 Jcs
589 3606 794 3673 ecclesiasticum,
806 3609 852 3662 lib.
868 3611 897 3672 V,
913 3611 956 3662 tit.
970 3625 1057 3676 xxxix,
1071 3610 1086 3674 ἓ
1101 3615 1127 3664 6.
