2594 4286
490 289 563 334 PARS
582 289 747 334 succisus
1068 290 1103 338 lb

127 411 174 470 est
193 403 344 486 prelatus
369 421 551 488 supremus3
575 405 781 474 Provincialjs
795 408 944 484 praelatus
959 409 1101 485 medius;

125 481 220 567 Piior
237 505 451 567 conventualis
471 506 617 584 prelatus
636 504 775 566 infimus.
789 532 829 556 -e
845 505 946 568 Variis
963 507 1105 569 nomini-

122 603 185 664 bus
195 608 351 664 vocantur
359 603 449 682 juxta
461 603 584 664 diversa
593 607 708 664 statuta
721 603 892 678 Ordiuum;
902 623 931 666 v.
944 623 973 684 g.
984 605 1102 681 Abbas,

121 701 330 778 Praepositus‚
348 700 506 779 Magister,
531 700 681 774 Minister,
700 703 827 776 Rectus,
852 704 972 788 Custos,
1003 705 1103 766 Guar-

121 799 250 875 diauus,
271 803 333 862 eto.

161 895 288 956 Praelati
308 896 467 975 regulares
482 901 555 958 sunt
570 893 715 974 perpetui
732 896 781 958 vel
802 899 1003 976 temporales.
1021 900 1103 962 tlon-

117 994 307 1054 trovertitur
321 1011 362 1054 an
382 994 481 1072 magis
497 993 644 1071 expediat
657 994 864 1055 Praelatorum
880 995 1033 1057 stabilitas
1048 1000 1103 1056 aut

119 1090 321 1152 instabilitas.
350 1125 390 1138 -
411 1093 492 1154 Sunt
511 1091 635 1152 infulati
660 1090 707 1153 vel
729 1108 793 1152 non
816 1090 949 1153 infulati.
973 1092 1099 1153 Inlulati

118 1193 196 1249 sunt
214 1188 361 1269 perpetui
386 1187 515 1250 abbates
542 1188 595 1266 qui
622 1193 855 1251 consueverunt
880 1188 1037 1262 benedici,
1064 1193 1100 1250 ut

118 1286 228 1348 videre
253 1286 351 1347 estin
373 1285 562 1359 pontificali,
587 1285 651 1346 ritu
676 1286 810 1347 solemni
836 1284 889 1365 qui
913 1285 1026 1346 similis
1050 1288 1099 1346 est

117 1384 352 1446 consecrationi
366 1384 607 1463 Episcoporum.
624 1383 750 1444 Praelati
763 1382 886 1444 infulati
900 1384 1039 1444 minores
1049 1401 1098 1444 or·

117 1481 209 1542 dines
219 1483 398 1558 conterunt,
411 1481 606 1544 benedicunt
619 1481 813 1557 solemniter,
827 1486 952 1560 gestant
962 1480 1098 1560 insignia
1181 1481 1188 1500 ⁸

116 1579 321 1658 episcopalia,
338 1599 366 1640 v.
386 1598 416 1658 g.
434 1579 562 1641 mitram
583 1583 614 1640 et
636 1578 796 1640 baculum.
816 1580 935 1639 Eorum
956 1582 1096 1656 potestas

116 1677 259 1738 dimanat
274 1694 311 1738 ex
327 1677 446 1756 triplici
465 1677 563 1752 fonte,
581 1674 730 1758 videlicet
749 1692 788 1736 ex
807 1674 1040 1748 benedictione,
1056 1691 1095 1735 ex

103 1774 242 1853 legibus
254 1760 404 1836 Ecclesiae
419 1780 451 1835 et
466 1775 546 1836 votis
561 1773 774 1836 subditorum.

159 1873 196 1932 Iu
215 1871 512 1951 congregationibus
526 1871 667 1933 virorum
682 1888 753 1950 quae
770 1874 867 1932 status
882 1869 1022 1949 religiosi
1042 1885 1093 1931 es·

112 1967 251 2028 sentiam
265 1967 383 2030 babent
400 1966 558 2028 sineretis
574 1966 770 2029 solemnibus
787 1967 985 2045 Superiores,
997 1982 1093 2044 gene·-

111 2065 209 2125 ratim
230 2065 403 2140 loquendo,
420 2081 482 2126 non
506 2069 579 2126 sunt
599 2065 733 2143 praelati,
751 2081 806 2125 seu
823 2081 889 2126 non
905 2063 1024 2125 babent
1037 2081 1093 2142 po·

113 2167 259 2222 testatem
272 2161 570 2240 jurisdictionalem,
585 2164 640 2224 sed
653 2169 777 2225 tantum
793 2161 1030 2224 dominativum.

152 2253 193 2320 ΙΙ.
210 2258 354 2335 Quomodo
371 2259 565 2321 instituuntur
575 2260 698 2342 prelati
709 2259 867 2340 regulares.
882 2259 1089 2320 -Constitui

109 2363 246 2437 possunt
269 2375 326 2437 per
345 2358 596 2420 nominationem
617 2359 794 2420 Pontifieis.
818 2359 913 2419 Extra
934 2357 1018 2418 hune
1038 2375 1090 2420 ca-

109 2473 194 2531 sum,
215 2454 311 2533 primi
332 2455 518 2534 Superiores
533 2455 687 2516 Ordiuum
709 2456 915 2517 nominantur
928 2472 984 2535 per
1003 2456 1089 2516 elee-

108 2554 244 2628 tionem‚
266 2569 336 2632 quae
360 2554 396 2613 lit
416 2570 473 2630 per
496 2552 628 2613 modum
649 2552 804 2628 scrutinii,
825 2553 858 2614 in
881 2552 1025 2631 capitulo
1047 2553 1086 2612 ad

108 2652 196 2730 quod
211 2650 392 2729 appellandi
405 2655 478 2711 sunt
493 2665 604 2711 omnes
622 2651 676 2728 qui
696 2667 733 2712 ex
753 2651 877 2712 statutis
896 2650 947 2729 jus
968 2648 1085 2711 babent

109 2755 141 2811 et
155 2766 221 2810 non
235 2753 308 2808 suut
321 2747 476 2826 impediti.

147 2848 237 2910 Dotes
257 2845 388 2927 elipeudi.
412 2880 453 2894 —
477 2847 659 2926 Requiritcr
684 2850 715 2908 1⁰
741 2854 776 2910 ut
801 2847 843 2909 sit
866 2846 1024 2924 professus
1051 2845 1084 2926 iu

109 2947 224 3008 eodem
239 2945 366 3007 Ordine.
384 2944 600 3008 mostrabunt
617 2949 743 3007 aetatem
760 2948 799 3005 25
817 2959 983 3004 annorum.
996 2945 1027 3004 3⁰
1043 2944 1084 3004 Ut

107 3045 194 3104 nulla
210 3059 344 3104 censura
357 3044 404 3104 vel
420 3041 649 3122 irregularitate
664 3047 817 3104 teneatur.

147 3141 343 3202 Electionem
358 3140 499 3217 sequitur
518 3139 717 3202 confirmatio
733 3143 764 3200 et
780 3137 969 3216 quandoque
983 3137 1082 3200 bene·

107 3238 215 3299 dictio.
236 3239 361 3301 Praelati
379 3239 543 3300 interiores
563 3236 798 3299 constituuntur
818 3236 906 3315 juxta
927 3237 1079 3316 regulam,

106 3337 153 3397 vel
166 3353 223 3415 per
238 3337 439 3413 electionem,
452 3337 500 3398 vel
515 3353 533 3396 a
547 3335 679 3414 praelato
692 3335 831 3415 generali
845 3335 907 3398 sive
922 3336 1003 3412 solo,
1017 3335 1081 3396 sive

106 3452 180 3497 eum
194 3452 323 3496 assensu
338 3435 485 3514 Capituli.
828 3424 836 3434 ”

144 3533 197 3593 Ill.
215 3529 386 3613 Capitulum
400 3532 535 3612 regulare
548 3551 610 3613 quo
624 3538 821 3612 temperatur
834 3531 1004 3594 auctoritas
1019 3533 1079 3592 Su·

105 3629 249 3708 periuris,
263 3635 311 3692 est
325 3632 541 3706 conventuale,
556 3631 603 3693 vel
618 3631 800 3693 universale.
814 3629 851 3690 Ei
864 3629 989 3708 supplet
1002 3645 1079 3690 con·

176 4029 327 4120 A

103 4146 341 4206 μ
