2604 4264
448 281 522 328 PARS
536 281 707 359 sanctam.
1014 285 1062 340 ltl

84 398 194 478 scopis
213 413 252 460 ao
274 398 314 460 de
338 397 500 460 beneflciis
518 400 646 477 curatis,
666 400 759 464 aliter
787 402 827 464 de
849 403 1012 466 canonicis
1036 410 1068 468 et

83 496 255 560 beneficiis
269 495 469 574 simplicibus
484 498 536 577 (1).

127 598 159 656 1.
187 593 349 672 Imprimis
371 595 545 673 Episcopus
573 596 612 656 ad
636 597 839 674 personalem
864 598 1069 662 residentiam

83 692 262 771 adstringit
283 692 456 754 concilium
479 693 704 756 Tridentinum
719 695 773 776 (2).
799 695 890 758 Ratio
916 702 971 772 est,
995 697 1070 776 quia
1151 697 1174 766 ,“

84 794 201 868 pastor
215 789 300 868 gregi
316 805 373 850 suo
394 788 558 868 invigilare
571 791 679 869 debet,
697 809 833 872 eumque
853 811 983 871 pascere
997 813 1069 873 per-

84 887 253 950 sonaliter.

129 987 279 1046 Attamen
292 983 443 1062 Episcopi
457 999 494 1045 ex
508 984 593 1062 Justa
607 1003 712 1060 causa,
729 986 806 1049 licet
817 1005 880 1050 non
896 989 937 1051 sit
954 989 1066 1068 gravis,

86 1099 179 1144 asna
194 1081 322 1144 dioecesi
337 1080 446 1142 abesse
461 1087 594 1160 possunt
605 1083 738 1163 singulis
752 1086 842 1146 annis
859 1104 916 1161 per
928 1087 1008 1148 duos
1019 1081 1069 1149 'vel

86 1183 156 1240 tres
169 1195 306 1240 menses.
332 1178 452 1240 Slvere
471 1196 529 1257 per
543 1181 668 1260 longius
691 1188 817 1259 tempus
839 1183 947 1244 abesse
959 1183 1067 1257 velint,

88 1277 156 1338 duo
175 1280 378 1350 concurrant,
396 1276 545 1338 videlicet
563 1276 647 1356 justa
669 1295 763 1338 causa
784 1285 816 1342 et
837 1280 1069 1360 licentiasupe·
1114 1312 1117 1318 ·

85 1372 183 1434 rioris
202 1372 421 1448 ecclesiastici,
435 1374 496 1435 nisi
509 1373 662 1438 absentia
674 1355 820 1438 oausa‘sit
831 1378 967 1440 notoria.

130 1473 161 1533 2.
174 1471 336 1532 Parochos
348 1488 367 1531 a
378 1471 550 1549 residentia
559 1489 623 1534 non
633 1479 762 1534 excusat
771 1479 926 1550 senectus,
941 1476 1069 1537 adversa

86 1569 255 1644 valetudo,
271 1569 350 1629 aeris
363 1569 579 1648 intemperies
596 1573 657 1634 Per
672 1573 751 1634 duos
764 1589 898 1647 menses,
914 1573 978 1634 sive
992 1589 1069 1634 oon-

84 1667 202 1729 tinuos
216 1665 278 1726 sive
287 1666 489 1746 interruptos,
502 1667 790 1746 abessenequeunl,
800 1669 861 1730 nisi
875 1687 969 1732 causa
981 1670 1069 1748 prius

83 1781 149 1843 per
164 1761 360 1844 Episcopum
382 1766 516 1843 probata
530 1770 561 1828 et
575 1766 706 1828 licentia
720 1768 907 1830 discedendi
926 1767 1066 1843 obtenta,

87 1861 264 1924 substituto
274 1862 403 1924 interim
414 1862 530 1924 vicario
539 1863 657 1926 idoneo
670 1882 728 1942 per
738 1866 942 1926 ordinarium
952 1882 1069 1944 appro-

87 1959 209 2020 bando.
228 1961 343 2021 Utrum
366 1961 405 2022 ad
429 1977 548 2042 paucos
570 1961 637 2024 dies
658 1962 804 2040 parochis
829 1963 938 2024 abesse
963 1963 1067 2036 liceat,
1153 1956 1154 1959 ’

87 2072 154 2117 non
164 2055 265 2135 petita
276 2056 427 2136 Episcopi
443 2058 580 2135 licentia,
596 2075 634 2122 ex
648 2061 772 2123 statutis
788 2059 975 2121 dioecesanis
984 2058 1070 2138 judi-

88 2152 233 2213 candum
248 2159 303 2215 est.
773 2179 775 2184 ’

132 2251 165 2310 3.
182 2250 330 2312 Canonici
346 2249 455 2314 abesse
469 2257 601 2330 possunt
617 2271 675 2332 per
688 2258 754 2316 tres
767 2268 891 2314 menses
914 2253 976 2316 sive
991 2269 1069 2315 corr-

89 2343 201 2408 tinucs
222 2346 286 2408 sive
299 2348 509 2427 interruptcs;
526 2355 558 2412 at
572 2369 632 2429 pro
649 2350 786 2429 longiori
800 2355 946 2429 tempore
964 2351 1071 2431 requi-

89 2442 175 2504 ritur
187 2443 318 2506 licentia
334 2447 511 2524 Superioris
528 2452 560 2510 et
572 2449 658 2526 justa
670 2466 784 2524 oausa;
802 2448 907 2528 itaque
923 2448 1070 2512 canonici

90 2539 226 2618 singulis
239 2542 329 2603 annis
350 2560 464 2605 novem
479 2545 642 2608 mensibus
662 2546 804 2610 residere
822 2552 982 2622 tenentur,
1008 2545 1069 2606 nisi

92 2640 212 2700 statuta
223 2640 367 2702 ecclesiae
382 2641 506 2720 longius
520 2640 640 2704 servitii
657 2648 784 2722 tempus
805 2645 980 2722 requirant.
995 2641 1071 2718 Epi·

91 2751 209 2812 scopus
222 2738 370 2814 attendit,
380 2756 421 2800 ne
433 2740 575 2802 absentia
586 2740 815 2804 canonicorum
826 2741 947 2801 incidat
964 2737 997 2798 in
1012 2737 1069 2798 de-

91 2831 283 2894 trimentum
296 2834 399 2896 cultus
417 2835 525 2900 divini.
597 2901 604 2922 ⁸
1120 2909 1121 2912 Ἴ

132 2933 167 2992 1.
186 2931 335 3009 Spectato
344 2932 415 3011 jure
430 2935 605 3011 communi,
623 2936 684 2996 alia
698 2933 854 2997 beneficia
865 2927 1071 2992 residentiam

90 3026 280 3104 requirunt;
297 3027 329 3088 id
340 3030 481 3108 rigorose
491 3032 680 3093 sumendum
692 3036 750 3105 est,
761 3029 817 3092 uhi
829 3028 944 3097 iisdem
953 3043 991 3088 ex
1001 3027 1070 3105 lege

91 3123 290 3186 fundationis
303 3126 489 3205 impositum
504 3134 552 3191 est
563 3131 611 3200 Ol
627 3129 791 3191 servitium
805 3126 906 3200 chori,
927 3125 975 3186 vel
990 3141 1070 3186 onus

90 3221 265 3301 adjuvandi
285 3226 471 3302 parochum,
488 3227 537 3288 vel
555 3226 697 3288 officium
719 3224 889 3288 residendi.
910 3223 971 3285 Sed
994 3239 1070 3288 con·

90 3321 232 3382 suetudo
253 3323 371 3399 passim
387 3323 536 3400 obtinuit,
553 3330 590 3388 ut
609 3329 724 3388 caetera
738 3323 894 3384 beneficia
914 3323 1070 3402 simplicia

89 3417 300 3480 residentiam
315 3438 378 3482 non
393 3421 532 3500 exigant.

124 3554 159 3620 (l)
169 3559 297 3609 Benedicti
313 3559 367 3610 lllV
376 3567 455 3613 const.
469 3561 636 3626 Ubiprimum
645 3563 734 3625 (1110),
743 3559 785 3613 Ad
797 3561 920 3612 uniuerso
937 3559 1028 3625 (1116).

124 3639 161 3701 12)
174 3642 242 3690 sess.
260 3639 416 3703 1111111111.
433 3655 450 3692 1.
864 3643 868 3650 '
