2590 4262
492 292 566 337 PARS
589 291 754 337 SPECIALIS.
1055 295 1107 340 268

127 411 359 474 consuetudine
385 409 534 488 abrogata
554 413 620 482 est3
639 409 784 470 videmus
800 409 885 470 enirn
900 412 1018 492 passim
1032 413 1109 492 Epi·

126 526 252 588 scopos,
264 527 329 569 non
342 508 496 586 requisito
505 523 661 568 consensu
673 506 817 585 capituli,
828 525 955 585 poenam
969 526 1105 587 suspeu-

127 607 225 668 sionis
238 608 321 674 serre
335 605 369 666 iu
386 605 529 667 clericos.

167 709 197 766 3.
224 704 350 765 Praelati
374 702 533 782 regulares
558 701 591 760 in
617 704 741 762 tantum
766 703 957 778 suspendere
977 709 1109 780 possunt

127 821 200 863 suos
212 801 392 881 religiosos
407 800 441 860 in
455 789 609 878 quantum
622 797 666 858 eis
676 799 785 876 regula
797 799 966 877 permittit.

165 900 204 961 ΙΙ.
228 900 278 960 Ad
302 897 464 979 subjectum
489 895 681 976 suspensionis
708 895 887 959 referuntur
913 897 1031 976 regulae
1060 915 1111 959 se·

127 1001 280 1074 quentes:
809 989 811 994 ’

166 1098 196 1155 i.
215 1092 391 1171 suspensio
406 1089 535 1170 proprie
554 1089 638 1152 dicta
652 1108 718 1151 nou
737 1095 842 1168 potest
855 1093 978 1169 cadere,
998 1092 1058 1154 nisi
1074 1092 1108 1154 iu

126 1191 275 1254 clericos.
305 1189 396 1250 Ratio
413 1193 471 1262 est,
490 1187 564 1265 quia
584 1188 748 1266 suspensio
770 1195 910 1251 versatur
932 1189 1016 1252 circa
1036 1192 1108 1253 osii·

126 1289 213 1350 cium
231 1292 263 1349 et
274 1285 468 1348 beneficium
478 1283 741 1361 ecclesiasticum,
757 1286 845 1364 cujus
859 1287 1024 1366 incapaces
1035 1293 1109 1349 sunt

125 1386 209 1447 laici.

165 1487 197 1544 ἢ.
212 1483 354 1556 Quilibet
367 1482 514 1557 clericus,
530 1497 717 1559 quacunque
732 1481 885 1560 dignitate
899 1483 1027 1562 fulgeat,
1043 1501 1109 1544 sus·

126 1581 227 1660 pendi
250 1585 365 1659 potest,
390 1583 523 1659 excepto
549 1580 683 1640 Summo
704 1579 859 1642 Pontifice
887 1579 941 1658 qui
966 1597 1032 1640 non
1059 1587 1106 1642 est

126 1677 278 1740 Ecclesiae
291 1676 447 1739 subditus.
464 1680 635 1739 Decretum
657 1677 870 1755 suspensionis
883 1680 1027 1756 generale
1040 1697 1106 1742 nou

125 1776 371 1856 comprehendit
398 1775 583 1854 Episcopus,
613 1775 674 1836 nisi
700 1776 740 1836 de
772 1775 849 1852 ipsis
875 1777 930 1836 fiat
956 1793 1105 1856 expressa
1205 1815 1208 1822 ι

125 1874 257 1936 mentio

164 1975 194 2033 3.
220 1971 320 2049 Hujus
346 1987 489 2031 censurae
518 1985 650 2048 capaces
674 1973 747 2030 sunt
772 1970 923 2050 religiosi,
948 1972 974 2031 si
994 1973 1104 2036 clerici

127 2069 199 2144 siut,
215 2074 246 2130 et
258 2068 396 2147 primam
410 2069 522 2128 saltem
536 2071 700 2128 tonsuram
715 2067 865 2129 habeant.

164 2167 192 2228 4.
216 2167 374 2244 Suspendi
389 2171 495 2244 potest
511 2164 721 2227 communitas
743 2165 909 2242 clericalis,
931 2166 993 2229 sive
1011 2173 1105 2248 spem

126 2268 212 2325 tetur
235 2269 389 2344 quatenus
417 2268 466 2326 est
489 2265 714 2340 communitas
740 2263 803 2324 sire
829 2266 931 2343 quoad
955 2283 1105 2345 personas

126 2359 311 2440 singulares

375 2587 398 2632 3.
413 2583 530 2634 Causast
544 2583 623 2632 forma
636 2583 804 2645 suspensionis
814 2587 858 2645 (1).

164 2754 188 2812 l.
208 2749 306 2814 Conso
319 2751 510 2831 suspensionis
525 2757 572 2813 est
586 2752 679 2831 culpa
692 2750 821 2831 propria
836 2757 867 2812 et
881 2750 994 2827 gravis.

166 2858 195 2914 t.
221 2852 406 2932 Requiritur
422 2852 508 2932 culpo
527 2851 663 2932 proprio.
688 2851 816 2912 Etenim
834 2849 1008 2928 suspensio,
1032 2867 1102 2928 quae

122 2949 252 3031 proprie
277 2965 370 3027 poena
391 2953 450 3024 est,
466 2947 673 3028 privans-jure
693 2947 826 3026 quaesito
840 2947 982 3027 proprio,
1002 2948 1103 3009 nulla·

123 3053 219 3108 tenus
232 3043 429 3107 contrahitur
442 3046 483 3107 oh
497 3047 625 3125 cuipam
637 3046 784 3108 alienam.

165 3145 195 3202 ἓ.
217 3142 402 3220 Requiritur
415 3141 501 3225 culpo
517 3144 627 3224 prauis.
645 3142 736 3205 Ratio
757 3146 813 3217 est,
834 3142 907 3221 quia
927 3143 1103 3221 suspensio,

125 3256 200 3302 cum
212 3239 252 3299 sit
264 3255 356 3316 grave
370 3239 499 3314 malum,
512 3259 640 3321 gravem
652 3240 780 3319 culpam
792 3239 951 3320 supponit.
965 3239 1104 3302 Proinde

124 3335 302 3415 suspensio,
327 3339 362 3397 ut
376 3337 590 3398 communiter
604 3339 715 3414 fertur,
732 3354 835 3416 neque
849 3355 867 3399 a
886 3339 1072 3418 legensque
1086 3354 1103 3397 a

122 3433 230 3514 Jndice
243 3434 283 3496 ob
303 3434 431 3512 culpam
445 3435 547 3497 levem
559 3435 720 3514 infligitur.

158 3631 193 3695 (1)
208 3632 330 3695 Mesenen,
345 3632 513 3685 institutiones
522 3635 594 3700 juris
604 3635 724 3699 cononici,
737 3636 779 3686 lib.
793 3637 821 3697 V,
831 3637 870 3686 tit.
883 3651 969 3687 xxxix.
