2590 4262
223 327 229 342 ,
246 282 299 328 2⁴6
426 284 581 330 exeosl'rto
603 285 780 331 Mssrflonlca
801 286 884 331 sums
905 285 1067 332 ctdotlm.

176 393 180 401 '
245 419 286 463 ne
312 402 533 464 committatur
557 401 721 481 injustitia.
747 404 823 465 Haec
849 403 1015 482 proportio
1046 402 1167 480 pendet
1192 422 1223 466 er

246 501 398 578 qualitate
413 516 558 579 personae
574 501 659 562 laesae
677 504 708 562 et
722 499 881 576 laedeniis,
895 517 934 561 ex
950 499 1117 578 adjunctis
1127 501 1186 562 looi
1197 510 1223 564 et

246 598 411 676 temporis,
430 615 467 658 ex
482 597 633 676 qualitate
648 596 768 672 delicti,
786 614 824 660 ox
841 597 1016 675 quantitate
1042 597 1222 680 moralitatis

245 711 308 773 qua
322 695 474 756 delictum
488 695 696 758 commissum
707 697 756 756 est
768 694 822 773 (l).

265 843 267 847 .
285 792 323 853 V.
340 790 482 872 Oblipatio
495 791 638 854 subeundi
645 811 746 874 ponas
754 792 848 854 variis
857 792 973 872 regulis
981 789 1219 854 determinatur.

286 886 314 945 l.
328 885 424 945 Poena
440 886 579 948 serendae
603 885 768 947 sententie
790 903 855 946 non
877 885 1057 948 incurritur
1071 889 1149 945 ante
1163 902 1219 946 sen-

245 981 378 1043 tentiam
389 982 518 1059 judicis,
542 1000 617 1043 nam
635 983 704 1044 haec
719 999 811 1060 poena
830 983 1083 1044 comminatoria
1096 1000 1162 1044 nou
1174 984 1219 1044 de-

244 1072 385 1152 signatur
398 1092 417 1157 a
431 1076 512 1154 lege,
528 1077 583 1137 sed
599 1093 617 1136 a
626 1076 735 1154 judice
751 1074 944 1153 designanda
957 1081 1014 1137 est.

284 1173 314 1230 2.
327 1173 422 1232 Poena
432 1172 641 1248 medicinalis,
658 1172 728 1251 ipso
743 1173 826 1234 lacto
838 1172 974 1249 incursa,
992 1169 1218 1234 conscientiam

245 1267 363 1348 obligat
387 1274 458 1330 ante
473 1269 662 1331 sententiam
682 1267 812 1348 judicis.
835 1271 881 1332 lta
898 1269 1080 1332 incurritur
1095 1286 1217 1331 censura

245 1367 316 1427 latae
332 1367 508 1427 sententia.

285 1463 406 1524 Pariter
432 1468 505 1523 ante
520 1463 711 1524 sententiam
734 1463 940 1526 observande
956 1469 1030 1526 suut
1045 1463 1218 1542 irregulari·

244 1565 335 1634 tates,
358 1565 390 1620 et
411 1559 625 1622 inhabilitates
637 1562 677 1622 ad
698 1563 951 1624 contrahendum
966 1560 1212 1624 matrimonium.

244 1657 336 1717 Ratio
350 1661 408 1729 est,
425 1657 498 1734 quia
510 1657 672 1720 ordinatio
684 1664 715 1721 et
728 1659 969 1721 matrimonium
982 1656 1213 1738 requiruntim-

245 1754 431 1816 munitatem
444 1753 483 1814 ab
498 1754 749 1832 impedimentis.

283 1854 312 1913 3.
327 1852 376 1912 Ad
386 1858 516 1914 caeteras
529 1871 636 1931 poenas
648 1855 734 1932 quod
747 1853 870 1929 attinet,
885 1854 1151 1933 distinguendum
1163 1856 1213 1916 est.
1283 1883 1284 1946 3

244 1951 339 2010 Poeua
361 1950 506 2029 positiva,
535 1956 566 2013 et
588 1968 693 2030 poena,
708 1951 859 2030 privativa
872 1949 952 2030 juris
972 1953 1067 2031 plene
1083 1947 1210 2030 quaesiti,
1283 1969 1284 1976 ¹

186 2065 195 2074 ·
244 2046 367 2109 etiamsi
389 2046 458 2126 ipso
479 2049 551 2127 jure
572 2049 784 2126 incurrantur,
810 2054 884 2111 ante
899 2050 1092 2111 sententiam
1102 2045 1210 2129 judicis
1284 2121 1285 2138 ἵ

244 2145 482 2223 delinquentem
506 2165 570 2210 non
599 2144 751 2209 alliciunt.
779 2147 871 2208 Ratio
894 2152 952 2221 est,
973 2147 1049 2225 quia
1066 2147 1103 2208 in
1118 2143 1208 2226 poenis

242 2241 408 2321 benignior
430 2243 650 2322 interpretatio
676 2250 722 2308 est
749 2244 909 2320 facienda;
939 2246 1028 2324 atqui
1055 2239 1210 2324 fragilitati

241 2341 388 2402 humanae
403 2341 500 2402 nimis
516 2343 632 2404 durum
646 2348 679 2404 et
692 2344 888 2406 eontrarium
904 2347 962 2417 est,
978 2348 1014 2404 ut
1031 2343 1104 2420 quis
1121 2341 1167 2402 vel
1179 2355 1206 2398 se

242 2438 347 2516 ipsum
362 2440 473 2500 offerat
487 2439 525 2500 ad
541 2458 669 2519 poenam
682 2441 862 2520 positivam,
881 2441 930 2502 vel
945 2457 1073 2518 poenam
1093 2435 1208 2518 privati·

241 2553 312 2598 vam
331 2536 410 2596 inse
433 2542 587 2599 exerceat.
605 2538 742 2601 Proinde
754 2538 925 2617 requiritur
940 2537 1097 2602 sententia
1111 2530 1207 2600 orimi-
1280 2599 1285 2641 ᾖ

192 2643 195 2650 ·
239 2633 524 2696 nisdeolaratoria.
958 2691 961 2697 .

281 2736 376 2795 Poena
389 2734 539 2813 privativa
549 2733 722 2814 improprie
737 2735 834 2809 dicta,
853 2753 923 2815 quae
939 2735 1041 2814 privat
1052 2734 1120 2814 jure
1131 2745 1203 2792 non-

241 2825 318 2888 dum
328 2828 476 2907 quaesito,
491 2828 560 2906 ipso
573 2829 658 2890 iacto
668 2829 793 2890 incursa
804 2827 923 2908 obligat
932 2833 1006 2889 ante
1017 2824 1202 2889 senteutiam.

239 2923 329 2985 Ratio
345 2932 403 2999 est,
425 2925 499 3004 quia
522 2926 705 3004 hujusmodi
719 2943 812 3005 poena
830 2931 877 2987 est
896 2923 1022 3003 negatio
1038 2921 1163 2993 favoris3
1181 2913 1202 2976 si

239 3024 382 3093 conditio
395 3024 532 3100 deficiat,
550 3023 657 3087 delicit
671 3026 758 3087 favor
768 3024 825 3086 sub
839 3023 1023 3086 conditione
1032 3033 1199 3084 concessus.

271 3236 305 3296 ill
320 3237 546 3300 Selinialzgrueber,
556 3233 680 3302 Z'allinger
694 3239 726 3288 ad
739 3237 905 3289 Decretolium
915 3237 958 3287 lib.
977 3239 1005 3300 V,
1019 3235 1058 3287 tit.
1073 3249 1167 3286 xxxvu.

1242 277 1260 316 Ι
