2590 4262
465 283 538 328 PARS
560 281 724 326 SPECIALIS.
1030 287 1081 332 267

104 414 174 458 vam
200 399 402 479 disciplinam
428 399 564 472 induxit,
541 403 670 460 ttum
694 397 767 476 quia
794 399 876 461 hano
899 403 1029 466 facultat
1016 409 1082 466 tem

104 496 376 574 extrajudicialem
393 497 517 561 Praelat
509 515 535 558 rs
564 495 719 557 universis
741 498 908 574 concessi,
925 504 994 560 tum
1007 467 1094 580 quia

101 596 248 657 eamdem
264 597 448 658 facultatem
467 600 519 657 ext
507 593 610 656 tendit
633 594 673 653 ad
698 610 809 656 omnes
821 613 929 658 causas
945 599 994 676 (err
1007 617 1081 680 quo-

7 687 8 690 '
100 711 324 772 eumqueeouso
344 694 430 755 etium
460 692 495 753 ob
518 690 663 752 oecultum
683 692 813 770 crimen),
831 698 900 755 tum
916 695 1081 775 quiaEpi-
1209 767 1217 784 ι

6 791 7 796 ’
101 791 191 870 scopi
215 797 348 869 possunt
377 788 659 870 extrajudioialiter
680 807 746 851 non
769 792 873 853 solum
904 793 1075 870 prohibere
1156 813 1157 820 ¹

101 907 268 954 ascensum
292 892 332 951 ad
355 908 461 952 sacros
481 890 624 965 ordines,
641 889 696 949 sed
714 887 810 950 etiam
825 894 1018 970 suspendere
1041 893 1081 955 ab

101 983 267 1046 ordinibus
282 985 436 1064 susceptis
449 990 480 1047 et
494 985 612 1072 oflloiq.

141 1080 180 1140 ΙΙ.
207 1077 365 1158 Episcopus
386 1079 520 1159 competit
538 1077 670 1158 facultas
691 1077 808 1158 ferendi
826 1081 1020 1160 suspensiones
1041 1099 1081 1144 nx

102 1193 277 1239 insonuere
285 1193 496 1238 consororum.

142 1273 237 1335 Proh.
256 1278 287 1334 l⁰
302 1292 340 1335 ex
355 1275 483 1336 decreto
512 1271 642 1334 concilii
670 1273 849 1334 Tridentini
870 1273 912 1353 (l)
932 1293 939 1335 :
965 1296 980 1332 r
1001 1276 1079 1336 (lum

102 1371 266 1434 honestius
294 1388 330 1434 ac
357 1371 458 1454 tutius
484 1370 524 1432 sit
547 1369 702 1449 subjecto,
728 1371 871 1432 debitam
900 1372 1081 1451 praepositis

102 1469 321 1532 obedientiam
333 1468 561 1549 impendendo,
579 1468 613 1529 in
625 1468 767 1530 inferiori
782 1469 961 1532 ministerio
974 1472 1082 1532 deser-

101 1568 180 1643 vire,
196 1585 290 1645 quam
300 1585 374 1628 oum
387 1566 634 1646 praepositorum
649 1567 801 1628 seandalo
817 1568 973 1646 graduum
985 1569 1081 1630 altio-

101 1682 175 1726 rum
204 1669 353 1744 appetere
381 1664 591 1743 dignitatem
615 1663 644 1725 ei
669 1664 720 1725 oui
746 1681 895 1726 aseensus
913 1666 953 1726 ad
974 1681 1080 1726 saeros

104 1757 231 1820 ordines
252 1775 270 1818 a
291 1775 348 1818 suo
371 1759 517 1832 Praelat0,
535 1773 572 1818 ex
586 1773 775 1836 quacunque
799 1776 903 1834 causa,
929 1758 1024 1822 etiam
1039 1758 1080 1819 ob

104 1855 265 1918 occultum
274 1854 672 1933 crimenquomodolibet,
683 1855 779 1916 etiarn
788 1854 1079 1935 extrajudicialiter,

101 1953 194 2015 fuerit
203 1952 408 2026 interdictum
425 1957 480 2013 aut
493 1952 547 2030 qui
558 1970 576 2013 a
586 1953 650 2014 suis
664 1953 842 2027 ordinibus,
852 1951 1075 2031 seugradibus,

101 2051 150 2111 vel
180 2049 387 2128 dignitatibus
415 2047 638 2111 ecclesiasticis
668 2051 764 2112 luerit
787 2067 967 2128 suspensus,
992 2050 1080 2110 nulla

101 2149 215 2208 contra
230 2146 326 2224 ipsius
341 2147 467 2208 Praelati
482 2147 677 2208 voluntatem
689 2165 840 2209 concessa
850 2147 979 2208 lieentia
991 2149 1030 2208 de
1045 2163 1080 2208 se

100 2245 283 2322 promoveri
311 2243 470 2321 faciendo,
487 2245 596 2306 autad
615 2245 737 2324 priores
756 2245 894 2317 ordines,
915 2245 1029 2322 gradus
1049 2249 1081 2306 et

102 2339 284 2422 dignitates,
301 2341 364 2403 siue
375 2342 524 2416 honores,
542 2341 701 2404 restitutio
715 2343 910 2421 suffragetur.
928 2362 944 2400 n

140 2436 236 2498 Prob.
252 2441 284 2498 2⁰
298 2456 335 2499 ex
363 2439 578 2501 declaratione
598 2439 857 2518 Congregationis
884 2438 1016 2501 Concilii
1039 2440 1077 2500 de

102 2551 194 2595 sensu
224 2535 346 2596 decreti
372 2535 550 2598 Tridentini
565 2534 627 2615 (2):
649 2557 663 2593 u
680 2537 785 2599 Verba
800 2538 864 2612 illa,
886 2536 920 2596 ob
938 2536 1081 2597 occultum

101 2631 220 2708 misnen,
230 2632 453 2712 quomodolibet,
463 2633 835 2716 eteomectrojudiczoliter,
848 2637 994 2716 expressa
1004 2635 1083 2695 dun·

101 2734 185 2791 taxat
214 2729 247 2789 in
275 2731 379 2810 prima
405 2737 495 2811 parte
517 2733 654 2811 periodi,
686 2739 855 2796 censentur
885 2731 1019 2811 repetita
1047 2731 1080 2792 in

102 2827 242 2888 secunda
267 2836 370 2908 parte;
386 2831 466 2891 adeo
480 2835 516 2890 ut
531 2830 606 2892 inde
632 2831 740 2909 colligi
756 2831 867 2904 valeat,
896 2830 1078 2906 Praelatum,

102 2925 222 2987 nedum
232 2942 326 3003 posse
334 2925 375 2986 ob
384 2928 546 2988 occultum
559 2928 682 2988 crimen
694 2927 974 3005 extrajudicialiter
986 2927 1081 2989 inter·

103 3023 211 3084 dicere
222 3039 279 3082 suo
294 3022 423 3084 subdito
448 3039 616 3084 ascensum
629 3025 669 3084 ad
688 3024 826 3097 ordines,
843 3025 897 3083 sed
911 3024 1023 3084 itidem
1038 3023 1080 3086 ob

103 3117 268 3182 oecultum
292 3118 414 3179 crimen
436 3137 529 3197 posse
555 3118 651 3180 etiam
684 3119 962 3199 extrajudicialiter
990 3120 1080 3182 illum

103 3214 300 3294 suspendere
316 3215 355 3276 ab
371 3215 538 3276 ordinibus
548 3216 615 3295 jam
629 3217 794 3295 susceptis.
809 3239 824 3274 o

143 3315 304 3374 Praeterea
316 3313 401 3376 buno
417 3329 485 3376 esse
498 3329 625 3374 sensum
636 3314 754 3376 decreti
765 3314 889 3395 probat,
904 3321 973 3379 tum
985 3315 1082 3379 series

105 3409 253 3488 prooemii
263 3410 427 3490 etcapitis,
437 3415 506 3474 tum
517 3416 682 3474 contextus
702 3411 883 3476 verborum.
896 3415 930 3476 In
941 3414 1083 3497 prooemio

139 3558 171 3618 (ll
186 3558 322 3608 Concilium
334 3559 517 3618 Tridentinum,
529 3572 590 3609 sess.
602 3561 666 3622 lllt',
676 3576 731 3626 cap.
743 3578 764 3612 r.

139 3638 175 3700 (2)
190 3639 330 3690 Declarotio
340 3639 542 3704 congregationis
556 3641 658 3693 concilii
673 3646 709 3707 ttt
725 3643 865 3696 novembris
877 3645 957 3708 1657).
