2594 4286
222 231 256 280 ΞΒ
395 215 551 304 nxrlislrlo
571 229 748 277 nnrnonlcn
769 231 853 278 rums
875 230 1030 278 cnnolncl.

221 357 272 414 tus
287 369 352 431 quo
366 349 502 415 novitius
515 366 572 428 per
592 348 725 428 triplicis
748 348 813 413 voti
830 350 977 430 perpetui
998 348 1206 415 emissionem

220 451 335 512 Decet
353 446 497 528 religioni
512 465 546 510 se
560 447 721 526 mancipat
733 450 823 529 juxta
842 450 996 529 regulam.
1017 449 1066 511 Ad
1086 449 1205 512 consti·

221 549 379 610 tuendum
398 553 515 608 statum
526 545 712 625 religiosum
727 547 842 628 triplex
857 554 965 609 votnm
981 546 1113 626 simplex
1126 567 1204 628 per-

220 652 355 727 petuum
368 645 495 720 sufficit,
511 645 607 706 modo
626 644 736 722 religio
756 645 797 707 sit
810 645 997 724 approbata,
1019 650 1052 708 et
1069 646 1202 710 traditio

219 743 349 806 nomine
368 741 425 804 Ilei
441 746 472 803 et
487 741 908 822 communitatisalegitimo
930 743 1061 823 prelato
1082 760 1200 826 accep-

220 845 315 903 tetur.

259 936 417 1000 Prolessio
431 937 531 998 stricte
543 946 661 1019 sarapta
678 942 726 1000 est
744 942 936 1013 contractus
958 955 1124 1019 expressus
1143 945 1201 1002 aut

220 1036 346 1114 tacitns,
362 1057 424 1118 quo
446 1039 549 1100 fidelis
560 1056 618 1117 per
630 1044 701 1099 vola
712 1037 866 1099 solemnia
878 1055 910 1099 se
921 1040 986 1099 Deo
1001 1043 1032 1099 et
1053 1035 1198 1118 religioni

217 1135 328 1213 tradit,
341 1135 490 1216 etreligio
501 1135 639 1199 vicissim
648 1134 852 1199 traditionem
860 1141 1005 1216 acceptat
1014 1153 1089 1198 cum
1099 1152 1197 1198 onere

220 1233 325 1312 ipsum
355 1240 522 1296 voventem
550 1240 705 1316 perpetuo
724 1232 882 1295 retinendi
903 1239 1055 1313 tanquam
1076 1232 1194 1309 filium;

219 1351 268 1393 seu
285 1332 398 1394 brevius
414 1339 461 1394 est
477 1330 604 1394 emissio
619 1337 765 1392 votorum
785 1330 975 1393 solemnium
994 1331 1026 1394 in
1044 1331 1197 1412 religione

219 1431 401 1510 approbata.
420 1464 461 1475 —
472 1427 533 1492 Ubi
546 1446 606 1491 vox
615 1427 761 1509 professio
775 1427 945 1491 adhibetur
960 1427 993 1489 in
1008 1427 1195 1506 canonibus,

219 1526 459 1624 intelligiturde
474 1524 670 1608 professione
682 1525 789 1588 stricte
805 1533 943 1607 sumpta.

258 1628 381 1706 Duplex
399 1624 603 1706 distinguitur
613 1623 768 1703 professio
786 1645 793 1686 :
810 1645 947 1708 repressa
958 1632 990 1689 et
1002 1627 1102 1689 tacita.
1119 1628 1200 1688 Pro-

219 1723 313 1786 fessio
329 1741 474 1804 expressa
487 1722 590 1786 verbis
610 1722 802 1786 enuntiatur.
822 1723 980 1787 Prolessio
1000 1725 1107 1800 tacita,
1129 1726 1198 1786 fere

219 1820 356 1896 insolita,
374 1820 465 1884 lactis
480 1819 680 1901 exprimitur;
700 1840 729 1883 v.
745 1840 775 1901 g.
799 1839 874 1884 cum
887 1821 1034 1896 novitius,
1053 1828 1197 1902 ternpore

218 1918 413 1998 probationis
423 1922 541 2000 elapso,
558 1925 659 2000 gestat
671 1919 808 1984 scienter
821 1919 966 1982 habitum
979 1917 1195 2000 professionis,

219 2023 250 2080 et
266 2024 355 2081 actus
365 2017 514 2097 professis
528 2016 673 2097 proprios
687 2024 822 2082 exercet.

160 2159 163 2164 -
257 2118 296 2179 II.
311 2118 451 2197 Tempus
463 2114 645 2196 profitendi.
658 2150 698 2163 -
712 2117 810 2177 Finito
822 2126 949 2199 ternpore
957 2117 1126 2192 novitiatus,
1138 2115 1199 2186 Sn-

212 2218 345 2299 periores
358 2211 434 2296 quos
445 2215 555 2276 habiles
571 2215 733 2277 inverterent
744 2216 864 2277 novitios
880 2216 920 2276 od
929 2215 1127 2301 profitendam
1141 2214 1198 2276 ad·

218 2314 353 2388 mittant;
365 2321 444 2373 oute
461 2315 635 2376 monasterio
649 2333 694 2376 eos
710 2315 839 2396 ejiciant.
855 2315 965 2394 (Conc.
981 2313 1082 2394 Trid.)
1103 2316 1196 2375 Hunc

219 2416 340 2474 textum
359 2409 531 2472 canonistae
550 2410 592 2473 ila
608 2411 878 2491 interpretantur:
905 2411 1056 2491 Superior
1069 2413 1196 2490 expleto

217 2515 363 2589 tempore
376 2506 516 2570 admittit
527 2507 661 2570 novitios
677 2509 870 2573 sufficienter
882 2516 1020 2589 paratoS,
1037 2515 1070 2572 et
1083 2508 1196 2572 dimit-

217 2605 257 2669 tit
270 2625 348 2685 quos
363 2603 519 2667 invenerit
531 2624 595 2667 non
609 2606 729 2670 habiles
743 2609 783 2669 ad
799 2607 896 2670 vitam
910 2606 1106 2686 religiosam3
1123 2606 1196 2668 illos

218 2712 325 2768 autem
337 2704 391 2785 qui
406 2707 549 2766 nondum
562 2705 765 2787 inveniuntur
779 2706 933 2786 dispositi,
952 2707 1006 2769 sed
1019 2703 1197 2786 probahili-

217 2807 268 2864 ter
278 2807 351 2882 post
365 2806 488 2863 certum
500 2807 626 2881 tempus
643 2801 740 2864 futuri
752 2810 825 2865 sunt
839 2802 959 2865 habiles
974 2803 1111 2865 adhunc
1129 2809 1194 2862 sta-

220 2905 298 2975 tum,
319 2898 455 2961 retinere
475 2905 581 2979 potest
600 2899 673 2961 novi
697 2899 905 2979 experimenti
928 2918 1033 2964 eausa.
1057 2901 1194 2962 Necesse

218 3015 282 3058 non
299 3002 345 3059 est
358 3001 393 3057 ut
404 2997 558 3076 professio
570 2997 756 3060 novitiatum
772 3005 931 3078 sequatur.

257 3094 303 3155 Ex
321 3094 447 3156 decreto
471 3093 710 3176 Conprepotionis
730 3096 923 3178 Reqnlorinm
938 3097 1037 3173 (latr)
1057 3092 1130 3155 Pius
1150 3095 1194 3155 IX

218 3189 329 3254 statuit
341 3209 348 3250 :
359 3189 487 3252 Peracta
500 3191 682 3271 probatione,
698 3194 803 3254 novitii
813 3203 879 3255 voto
889 3194 1031 3275 simplicia
1043 3193 1192 3254 emittunt.

218 3286 360 3367 Proferri,
372 3295 438 3366 post
453 3289 619 3367 triennium,
637 3291 665 3351 si
676 3290 762 3372 degni
773 3293 971 3373 reperiantur,
988 3291 1028 3352 ad
1034 3289 1195 3375 professio·

216 3406 281 3448 reem
291 3395 425 3447 votorum
438 3386 605 3450 solemnium
619 3389 828 3453 admittantur.

257 3486 326 3547 Hoc
345 3486 510 3546 decretum
523 3483 647 3548 inducit
660 3487 838 3567 disciplinae
853 3487 1062 3551 mutationem
1086 3487 1194 3567 magni

217 3582 372 3647 momenti
387 3584 491 3663 quoad
506 3582 667 3663 religiosas
684 3584 823 3648 virorum
845 3583 988 3648 familias.
1030 3621 1034 3632 ·
