2590 4262
477 263 550 308 PARS
572 263 736 310 senciens.
1041 268 1092 312 2³8

116 380 252 441 busdam
278 377 506 458 questionibus
532 378 722 458 Apostolicae
744 381 819 442 Sedi
838 383 1018 461 propositis.
1048 385 1093 445 Ex

115 479 202 540 illius
217 478 377 556 responsis
396 482 532 556 quatuor
544 477 734 544 inferuntur.

157 576 336 638 l.Lieitum
361 593 426 636 non
446 575 505 638 luit
522 576 610 637 adire
632 576 854 656 presbyterum
874 578 1017 656 juratum
1035 597 1094 658 pro

115 677 313 734 sacramento
324 670 533 752 baptismatis,
546 673 608 732 nisi
626 673 659 733 in
671 679 906 736 oasuextremae
924 677 1096 739 necessita-

116 771 171 846 tis,
192 771 225 830 in
238 787 302 848 quo
313 787 380 832 non
393 775 461 831 erat
475 771 553 831 alins
568 768 675 832 valens
695 771 866 851 baptizare.

155 871 187 928 2.
215 867 353 928 Licitum
379 885 444 928 non
467 873 533 930 erat
558 867 646 928 adire
661 869 838 946 parochum
857 870 1015 930 intrusum
1038 887 1094 950 pro

114 965 334 1026 contrahendo
367 965 590 1038 matrimonio;
618 966 703 1026 unde
733 965 787 1026 ubi
815 966 984 1030 deficiebat
1009 987 1094 1048 pres·

114 1061 206 1140 byter
220 1061 397 1130 catholicus
408 1061 631 1140 jurisdictione
645 1061 829 1139 instructus,
849 1065 957 1125 fideles
976 1064 1093 1127 dehue-

114 1162 191 1219 runt
203 1159 390 1220 contrahere
401 1159 468 1219 sine
479 1159 648 1238 praesentia
663 1159 786 1237 proprii
799 1159 944 1238 pastoris.

156 1257 189 1316 3.
210 1255 334 1317 Fideles
349 1260 522 1334 potuerunt
536 1256 569 1315 in
586 1256 722 1317 articulo
744 1258 792 1317 vel
809 1257 955 1336 periculo
967 1259 1090 1334 mortis,

115 1358 349 1415 sacramentum
371 1352 566 1430 penitentie
580 1352 722 1431 recipere
741 1370 759 1413 a
773 1354 994 1416 sacerdotibus
1005 1357 1094 1434 jura·

114 1451 170 1524 tis,
193 1467 231 1511 ac
252 1452 346 1512 etiam
368 1468 386 1510 a
410 1449 558 1528 parochis
583 1450 724 1527 intrusis,
749 1451 917 1513 deficiente
930 1454 1094 1515 sacerdote

116 1546 287 1609 catholice.

157 1647 188 1704 4.
209 1643 366 1704 Fidelibus
383 1643 517 1706 vetitum
531 1644 591 1705 fnit
611 1644 767 1720 assistere,
785 1645 897 1707 diebus
917 1647 1014 1707 etiam
1036 1647 1094 1706 do-

80 1758 88 1776 ·
111 1727 244 1802 'minicis
260 1745 291 1801 et
310 1741 440 1815 festivis,
468 1739 625 1802 sacrificio
654 1741 758 1804 missae
773 1748 827 1805 aut
845 1743 914 1804 aliis
940 1744 1053 1805 officiis
1076 1761 1094 1803 a

116 1837 301 1917 presbytero
312 1840 417 1916 jurato
438 1837 606 1900 celebratis
623 1839 674 1918 (l).

163 2051 215 2114 §2
227 2079 258 2088 —
271 2050 391 2103 crimina
402 2051 502 2118 quihus
513 2050 617 2116 injurie
632 2050 663 2102 in
680 2063 728 2104 res
741 2050 796 2104 Deo
810 2065 906 2105 sacres
916 2053 1046 2106 infertur.

154 2223 179 2274 l.
218 2220 227 2274 i
260 2219 336 2275 onia.

151 2311 179 2362 2.
199 2221 424 2378 {atclrilegiumet
437 2308 544 2364 abusus
551 2309 801 2364 sacramentorum
809 2310 952 2376 (remissive
961 2311 997 2366 ad
1014 2310 1092 2366 Tlreo

118 2394 235 2464 loeium).

499 2543 535 2593 De
548 2543 653 2592 simonia
664 2544 710 2605 (2).

157 2701 181 2760 Ι.
198 2697 279 2778 Ejus
301 2698 446 2758 notio-
472 2698 615 2760 Simonia
635 2715 754 2760 nomen
775 2697 899 2774 aceepit
926 2713 944 2756 a
965 2696 1093 2760 Simone

117 2797 219 2875 Mago,
234 2796 289 2874 qui
302 2794 424 2874 primus
437 2795 470 2855 in
482 2797 552 2874 lege
570 2795 751 2874 evangelica
768 2793 862 2870 hujus
878 2792 1006 2852 sceleris
1019 2809 1094 2855 auc·

118 2895 168 2952 tor
182 2890 251 2951 luit.
280 2891 316 2950 ln
328 2889 453 2951 delictis
469 2888 692 2949 ecclesiasticis
713 2885 928 2960 recensendis,
945 2886 1092 2947 Decreta-

118 2989 163 3049 les
174 2993 247 3048 ante
268 2987 377 3048 omnia
392 2986 563 3046 simoniam
575 2984 759 3062 prohibent.
777 2985 841 3043 Nec
852 2982 1031 3059 immerit03
1043 2983 1094 3044 vix

116 3085 204 3146 enim
225 3083 310 3145 aliud
333 3084 456 3146 crimen
471 3087 518 3143 est
542 3081 641 3160 magis
664 3079 839 3160 injuriosum
859 3079 930 3154 Deo,
949 3085 979 3142 et
997 3082 1095 3161 perot·

116 3182 224 3242 ciosum
246 3179 390 3242 Ecclesia
404 3200 415 3242 ,·
430 3183 536 3262 Deum
556 3179 699 3253 offendit,
715 3175 873 3256 siquidem
898 3177 963 3256 ejus
979 3179 1094 3258 gratias

117 3280 286 3359 temporali
301 3278 405 3356 pretio
423 3276 578 3352 aestimem
595 3275 736 3338 Ecclesia
755 3275 834 3336 illud
850 3274 1009 3352 abhorret,
1024 3281 1094 3340 tum
1178 3271 1182 3284 ”

149 3452 158 3502 l
163 3453 184 3514 1)
198 3452 236 3501 Pii
250 3451 281 3500 v1
294 3451 419 3515 Responsa
436 3451 499 3500 data
514 3449 547 3500 de
564 3448 669 3500 consilio
682 3448 778 3498 selecta·
794 3447 969 3500 cardinalium
996 3462 1094 3513 sonore·

118 3531 229 3596 potiones
243 3533 282 3592 (le
300 3531 359 3579 maii
375 3533 456 3592 179³).

149 3614 182 3674 (²)
195 3610 363 3662 Decretdmm
379 3611 424 3659 lib.
442 3611 472 3671 V,
485 3610 527 3660 tit.
547 3610 579 3659 de
591 3609 714 3661 simonio.
