2590 4262
237 247 288 296 198
399 248 556 296 exrosmo
577 248 754 294 unruomcn
774 250 857 296 tultis
880 251 1034 298 caucum.

233 368 335 430 actori
348 366 504 446 possessio
519 365 729 444 adjudicatur,
748 366 829 427 salva
840 383 966 445 semper
991 385 1046 429 reo
1069 368 1186 433 dominii

234 463 299 526 lite.
320 467 382 530 Sed
395 465 428 524 in
443 464 544 525 causis
559 461 807 538 beneficialibus,
830 469 961 542 propter
975 465 1021 526 rei
1041 470 1186 530 contuma-

234 562 316 623 ciam
326 567 414 624 actor
425 562 458 621 in
473 559 705 640 possessionem
714 577 779 622 non
793 560 941 636 mittitur,
966 579 1009 623 ne
1030 561 1148 625 vitiosus
1159 566 1184 626 in

233 659 387 722 beneficia
397 659 556 739 ingressus
566 659 668 720 detur.

272 745 429 819 Adversus
455 762 658 820 contumaces
688 755 867 818 constitutae
898 759 970 817 sunt
998 755 1184 836 allapsus,

233 872 365 934 quarum
389 872 485 916 unam
503 859 556 916 aut
576 855 708 916 alteram
728 853 826 932 judex
836 852 966 937 infligit;
995 871 1023 914 v.
1041 871 1071 931 g.
1088 854 1187 915 mulcta

234 952 425 1030 pecuniaria,
446 956 477 1012 et
495 968 635 1012 censurae
657 967 728 1028 quae
750 968 816 1012 non
836 949 1041 1027 adhibentur,
1057 950 1115 1012 nisi
1127 968 1185 1014 cum

232 1054 437 1131 contumaces
451 1041 610 1128 prioribus
625 1048 726 1128 poenis
741 1048 880 1111 coerceri
892 1053 1057 1125 nequeunt
1071 1047 1121 1128 (l).

412 1249 438 1296 2.
459 1245 496 1294 De
508 1242 694 1304 exceptionibus
705 1249 731 1294 et
740 1243 836 1292 mutuis
845 1243 1021 1304 petitionibus.

271 1399 295 1457 l.
321 1396 517 1476 Exceptiones
533 1399 605 1456 sunt
619 1411 707 1454 arma
728 1412 781 1456 seu
807 1395 1012 1474 allegationes
1033 1395 1184 1468 rationum,
1257 1405 1258 1416 ²

232 1493 346 1573 quibus
372 1511 444 1555 reus
471 1509 503 1553 se
530 1492 678 1553 adversus
706 1497 847 1555 actorem
873 1493 1030 1554 defendit.
1054 1490 1185 1570 Exceptio

225 1583 381 1649 ¹definitur
404 1588 525 1649 actionis
538 1589 673 1664 ecclesio,
693 1608 754 1669 qua
769 1607 840 1651 reus
854 1590 1017 1652 actionem
1041 1593 1143 1650 contra
1160 1602 1185 1646 se
1258 1620 1259 1630 κ

230 1684 406 1746 institutam
421 1687 469 1748 vel
483 1688 622 1748 retardat
633 1689 680 1749 vel
695 1688 821 1766 penitus
831 1686 930 1749 elidit.

270 1784 297 1842 l.
326 1782 515 1846 Dividuntur
542 1785 743 1864 exceptiones
775 1785 808 1846 in
835 1783 989 1844 dilatorcos
1015 1787 1046 1843 et
1069 1797 1183 1863 peremp-

230 1878 329 1938 toros.

268 1977 477 2056 Exceptiones
491 1977 638 2056 dilatoria
660 1995 715 2040 seu
736 1979 931 2057 temporales
952 1976 1102 2037 dicuntur
1123 1974 1180 2045 illa,

231 2091 301 2152 quae
314 2075 473 2135 actionem
489 2094 554 2137 non
568 2077 697 2142 omnino
712 2074 886 2156 perimunt,
906 2077 960 2136 sed
977 2080 1100 2136 tantum
1114 2071 1182 2132 dille·

228 2175 302 2232 runt
316 2173 355 2231 ad
371 2178 507 2251 tempus.
525 2175 629 2235 Etiam
653 2174 722 2236 istae
742 2177 814 2234 sunt
832 2172 947 2233 diversi
965 2171 1090 2249 generis
1103 2190 1110 2244 ;
1124 2183 1182 2228 nam

227 2269 402 2346 respiciunt
420 2272 469 2331 vel
484 2270 627 2351 judicem,
642 2289 670 2331 v.
685 2289 716 2349 g.
733 2270 878 2348 exceptio
900 2269 1021 2348 judicis
1039 2269 1182 2342 incompe

227 2365 323 2426 tentis
337 2371 391 2428 aut
406 2369 560 2446 suspecti;
587 2370 634 2430 vel
661 2376 797 2442 actorem,
814 2367 888 2447 quia
908 2384 973 2454 non
989 2366 1085 2427 habet
1096 2360 1182 2441 legiti-

227 2479 313 2523 mam
323 2480 493 2541 personam
505 2466 607 2527 standi
623 2466 655 2525 in
663 2465 803 2544 judicio;
815 2465 864 2526 vel
877 2464 970 2545 psam
985 2481 1109 2537 coccam,
1121 2478 1143 2520 v.
1156 2475 1178 2536 g.

227 2561 372 2638 exceptio
385 2562 548 2640 petitionis
556 2567 627 2624 ante
639 2563 735 2639 diem,
745 2561 875 2624 termini
886 2561 979 2621 nimis
991 2558 1120 2638 angusti,
1130 2553 1182 2616 loci

225 2675 291 2719 non
303 2659 377 2720 tuti.

264 2757 310 2816 Ex
319 2756 542 2834 peremptoriis
554 2755 795 2834 exceptionibus
808 2755 877 2817 aliae
884 2755 1057 2836 simpliciter
1062 2766 1177 2834 peremp-

226 2852 319 2927 torioe,
335 2853 405 2914 aliae
416 2853 477 2913 litis
488 2852 583 2934 finitor
592 2853 808 2914 nominantur.
821 2853 938 2914 Prioris
951 2850 1074 2930 generis
1089 2861 1179 2922 excep·

225 2948 328 3010 tiones
342 2968 408 3010 non
423 2950 602 3029 impediunt
613 2949 928 3029 quidemingressum
942 2950 1018 3025 litis,
1031 2948 1083 3010 sed
1095 2941 1178 3005 actio·

225 3060 299 3105 nem
319 3046 496 3107 institutam
519 3052 673 3123 evertunt,
700 3065 730 3108 r.
755 3065 784 3126 g.
814 3047 960 3126 exceptio
979 3047 1055 3121 doli,
1080 3045 1177 3109 metus,

225 3143 485 3221 prescriptionis.
499 3144 685 3207 Posterioris
696 3144 820 3223 generis
834 3161 889 3206 seu
904 3145 968 3207 litis
977 3144 1072 3206 finitae
1087 3139 1179 3200 dicun·

224 3240 276 3296 tur
297 3239 509 3315 exceptiones,
531 3259 601 3318 quae
622 3258 687 3301 non
705 3241 809 3302 solum
836 3240 995 3302 actionem
1011 3235 1176 3301 excludunt,

225 3331 280 3392 sed
301 3333 397 3393 etiam
412 3335 592 3413 impediunt
609 3337 779 3415 quominus
793 3354 909 3400 novum
925 3337 1080 3417 judicium
1102 3325 1178 3390 insti-

224 3435 345 3504 tuatur;
358 3446 386 3491 v.
402 3448 432 3507 g.
446 3435 590 3511 exceptio
604 3435 650 3495 rei
656 3435 818 3513 judicatae,
833 3433 1063 3496 transactionis

255 3587 292 3656 (l)
305 3587 475 3638 Decretclr'cm
487 3567 529 3638 lib.
544 3591 577 3651 ll,
588 3591 626 3641 tit.
642 3600 694 3654 xrv,
705 3591 738 3640 de
752 3591 814 3642 Dolo
826 3594 852 3641 et
864 3593 1030 3642 contumacia.
