2618 4252
216 260 269 308 itt
373 259 530 305 nxroslrlo
552 258 731 306 unruobtcs
749 257 833 302 Jttttls
855 250 1009 302 canonici.

156 625 159 632 '
252 623 268 687 §
288 624 314 676 l.
334 620 374 675 De
388 619 484 690 poenis
500 619 720 691 temporalibus.

251 707 267 770 ἓ
285 707 313 758 2.
333 705 371 758 lle
385 703 547 774 privatione
559 703 705 759 beneficii.

251 798 268 856 ς
287 791 313 844 3.
334 789 374 843 lte
389 787 566 859 depositione
581 792 609 844 et
621 785 840 858 degradatione.

482 987 536 1051 §t
552 1017 583 1026 -
600 989 691 1040 Pensa
706 987 875 1054 temporales
891 989 930 1050 (1).

256 1157 362 1216 Poenae
384 1157 575 1234 temporales
602 1165 675 1218 sunt
709 1155 843 1234 triplicis
866 1154 1002 1236 generis,
1034 1153 1192 1234 siquidem

215 1253 351 1315 elericos
372 1253 495 1332 privant
516 1254 564 1315 vel
589 1254 683 1330 sama,
702 1256 752 1316 vel
766 1254 858 1316 bonis
874 1254 1009 1314 fortunae
1024 1252 1074 1313 vel
1096 1252 1192 1314 liber-

220 1357 295 1414 tate.

255 1451 280 1511 Ι.
296 1447 427 1528 Infamia
444 1453 492 1509 est
511 1448 646 1528 privatio
664 1450 758 1512 honae
772 1451 866 1511 tamve
884 1454 916 1510 et
936 1447 1191 1510 existimationis.

133 1601 135 1604 .
216 1547 337 1624 Duplex
349 1544 552 1624 distinguitur
569 1547 709 1624 infamia,
726 1547 802 1628 faeti
813 1552 846 1608 et
859 1547 954 1629 juris.
968 1545 1103 1626 Infamia
1121 1543 1194 1624 sacti

214 1659 253 1704 ex
260 1641 364 1720 pravis
373 1637 514 1704 moribus
528 1642 639 1720 oritur,
656 1649 754 1723 etper
765 1643 1018 1706 emendationem
1031 1641 1188 1704 aboletur.

254 1739 386 1820 Infamia
392 1740 477 1820 juris
496 1739 538 1802 ob
549 1745 643 1821 turpe
655 1740 778 1803 orimen
796 1759 836 1804 ex
852 1741 1042 1803 auctoritate
1050 1739 1132 1820 juris
1147 1738 1191 1800 in·
1280 1759 1281 1764 ¹

216 1834 345 1915 digitur.
364 1835 476 1898 Tribus
506 1838 609 1898 modis
634 1838 847 1916 contrahitur,
866 1840 915 1901 vel
943 1839 1013 1916 ipso
1031 1837 1117 1916 jure,
1144 1835 1188 1897 vel

214 1933 374 1994 sententia
392 1934 523 2014 judicis,
549 1937 597 1996 vel
615 1952 731 2012 genere
749 1953 852 2015 poenae
875 1935 1069 2013 infamantis.

255 2031 349 2092 Poena
363 2031 501 2094 intamiae
523 2033 604 2112 juris
618 2033 882 2112 irregularitatem
902 2031 1036 2106 inducit,
1054 2035 1087 2094 et
1103 2046 1188 2092 reum
1281 2051 1282 2064 ¹

213 2127 316 2206 privat
329 2145 365 2190 ao
388 2135 531 2192 removet
553 2148 571 2191 a
593 2130 769 2192 beneficiis.

252 2225 292 2286 ll.
316 2225 430 2286 Mutata
449 2227 622 2307 pecuniario
642 2227 795 2307 infligitur
818 2226 1015 2306 ajudieibus
1028 2227 1188 2290 ecelesias·

213 2322 304 2399 ticis,
332 2341 432 2402 eaque
453 2325 586 2405 irrogari
605 2331 711 2405 potest
730 2343 796 2387 non
819 2326 945 2387 clericis
966 2329 1112 2401 tautum,
1135 2325 1187 2386 sed

213 2420 308 2482 etiam
334 2421 431 2483 laicis.
448 2423 523 2483 Haee
544 2440 638 2503 poena
658 2424 836 2502 praesertim
850 2425 953 2503 quoad
976 2423 1112 2486 elericos
1125 2439 1187 2484 non

212 2518 357 2581 exolevit.

251 2615 304 2676 lll.
318 2615 366 2676 Ad
385 2613 594 2694 privationem
606 2615 762 2678 libertatis
771 2617 951 2680 referuntur
965 2615 1186 2691 incarceratio,

212 2713 352 2774 detrusio
366 2713 400 2773 in
413 2714 651 2789 monasterium,
663 2713 794 2775 exilium
803 2732 859 2776 seu
873 2716 1025 2794 relegatio
1035 2715 1069 2776 in
1081 2715 1187 2776 locum

211 2809 538 2891 poenitentiaeaptum.
867 2801 871 2812 '

505 3009 520 3071 ᾖ
535 3007 560 3068 2.Ι
574 3036 603 3046 -
618 3008 742 3062 Privatio
759 3009 900 3062 beneficii.

248 3161 272 3221 I.
291 3161 456 3224 Trouslotio
470 3165 509 3225 ad
525 3166 610 3227 aliud
628 3166 724 3227 etiam
741 3166 846 3226 minus
872 3164 1066 3227 beneficium
1085 3163 1188 3242 priva-

209 3255 289 3318 tioni
300 3259 403 3320 afssnis
417 3265 475 3323 est.
489 3261 538 3322 nh
550 3279 588 3322 ea
599 3263 714 3339 differt,
732 3266 887 3341 quatenus
899 3262 1058 3342 graviores
1078 3275 1186 3322 causas

210 3355 430 3433 nonrequirit.

239 3511 273 3574 (1)
295 3513 462 3564 Decretolium
482 3515 528 3566 lib.
550 3517 580 3576 v,
601 3517 641 3568 tit.
667 3531 760 3569 xxxvu.
777 3545 808 3554 -
829 3517 933 3580 (limidi,
960 3516 990 3567 de
1005 3515 1087 3565 Ponit
1109 3511 1186 3562 eecle-

207 3591 328 3654 aiorttrtv,
341 3600 406 3654 part.
420 3595 441 3654 1,
453 3607 509 3656 cap.
525 3608 615 3646 xxxvu.

222 376 481 441 naevindimtivae
503 375 690 454 multiplicis
708 373 844 456 generis,
859 373 983 434 seilicet
997 387 1098 450 poenae
1110 377 1193 460 tem·

218 477 354 554 porales,
371 474 507 553 privatio
524 471 682 548 benetioii,
699 471 858 551 depositio
872 475 904 532 et
916 468 1111 550 degradatio.
