2594 4286
452 273 525 317 PARS
546 273 710 319 selectam.
1033 272 1066 318 27

87 389 226 452 includit
245 391 428 452 facultatem
449 389 640 453 admittendi
656 387 806 452 novitios.
831 389 875 449 De
889 389 961 468 Jure
980 407 1066 452 com-

87 487 190 564 muni,
207 488 349 551 virorum
363 488 514 550 ordinesa
530 489 561 551 S.
577 491 658 552 Sede
673 487 839 568 approbati
849 505 914 550 nun
926 489 1067 567 pendent

86 587 124 648 ab
140 587 304 666 Episcopo
322 587 353 649 in
375 585 579 650 admittendis
594 585 730 648 novitiis.
744 583 847 647 ¹Aliter
859 585 1065 649 constitutum

87 690 133 744 est
151 702 170 744 a
184 683 327 746 Concilio
335 683 518 746 Tridentino
534 687 573 747 de
585 683 784 759 monialibus,
801 690 834 746 ut
849 702 957 746 earum
974 684 1067 746 liber·

87 781 405 862 latiprospiceretur.

125 881 182 940 ΙΙΙ.
198 879 303 954 Locus,
326 879 452 954 totitas,
474 880 604 943 doratio.
623 913 662 927 —
683 879 859 942 Novitiatus'
876 879 1066 956 generaliter

86 976 249 1056 peragitur
261 977 294 1038 in
305 977 497 1039 monasterio
512 977 544 1038 in
557 996 620 1056 quo
630 977 765 1039 novitius
786 980 982 1056 professurus
1004 983 1062 1039 est.

86 1109 125 1122 -
137 1075 257 1155 Incipit
267 1079 435 1154 atempore
446 1074 653 1155 susceptionis
665 1074 801 1150 babitus,
814 1075 846 1136 in
860 1074 1064 1154 religionibus

86 1173 140 1235 ubi
158 1175 230 1236 baec
244 1173 402 1253 susceptio
416 1171 594 1252 requiritur.
605 1180 653 1217 '—
670 1172 826 1234 Professio
841 1191 906 1232 non
921 1171 1065 1234 emitten-

87 1273 126 1332 da
137 1277 187 1332 est
199 1279 272 1333 ante
286 1273 446 1350 expletum
456 1273 567 1332 saltem
580 1270 739 1351 integrum
749 1276 780 1333 et
791 1269 979 1333 continuum
993 1289 1066 1352 pro-

86 1369 225 1432 bationis
237 1388 366 1431 annum.

123 1470 179 1530 IV.
196 1467 330 1529 Libertus
343 1475 371 1528 et
377 1467 544 1548 privilegia.
560 1500 601 1511 —
611 1469 763 1530 Currente
779 1466 973 1547 probationis
985 1472 1065 1527 tem-

85 1585 176 1645 pore,
209 1564 345 1628 novitius
370 1566 485 1627 fruitur
506 1567 599 1644 plena
622 1563 768 1627 libertate
796 1564 977 1638 recedendi.
1003 1563 1064 1644 Ipsi

87 1662 207 1739 omnia,
231 1682 302 1744 quae
317 1681 426 1724 secum
437 1661 476 1722 in
491 1661 718 1750 monasterium
733 1662 850 1736 intulit,
868 1663 1065 1726 restituenda

87 1769 171 1826 sunt.
189 1764 260 1826 Non
273 1763 355 1824 valet
367 1760 556 1822 renuntiatio
570 1761 739 1837 bonorum,
751 1760 811 1822 nisi
825 1763 877 1823 fiat
887 1763 925 1823 ab
939 1760 1008 1840 ipso
1020 1761 1066 1823 in-

84 1869 132 1924 tra
145 1863 228 1924 duos
243 1878 367 1922 menses
381 1867 454 1923 ante
473 1857 713 1939 professionem,
734 1877 770 1921 au
783 1859 937 1939 professio
952 1877 1065 1940 sequa-

87 1967 151 2021 tur.
1037 1980 1039 1984 ⁴

124 2055 270 2118 Novitius
284 2056 400 2136 gaudet
414 2053 585 2136 privilegiis
600 2054 789 2119 clericorum
806 2063 836 2118 et
856 2054 1064 2134 regularium.

86 2159 243 2217 Lucratur
256 2153 468 2234 indulgentias
483 2152 587 2215 ordini
601 2171 777 2217 concessas.
794 2157 997 2216 Sacramenta
1014 2172 1064 2216 re-

87 2251 166 2333 cipit
179 2271 197 2313 a
213 2250 446 2331 Superioribus.

127 2353 167 2414 V.
192 2349 346 2411 Eaercitiee
359 2358 388 2410 et
401 2349 599 2430 obligationes.
616 2383 656 2396 -
670 2349 800 2412 Novitiis
814 2349 988 2429 praeficitur
1007 2349 1064 2412 ali-

88 2447 157 2526 quis
172 2448 316 2527 ejusdem
330 2445 449 2508 ordinis
460 2449 630 2526 professus,
642 2448 731 2524 eujus
745 2447 944 2510 estofficium
958 2466 1011 2509 eos
1025 2449 1063 2508 ad

86 2545 185 2608 vitam
204 2543 383 2624 religiosam
402 2561 561 2607 exercere.
586 2543 734 2624 Magistro
750 2545 942 2608 novitiorum
962 2544 1065 2606 socius

88 2642 228 2704 additur.
246 2641 361 2704 Novitii
379 2649 491 2705 vacant
506 2642 662 2704 exercitiis
675 2642 898 2724 spiritualibus.
914 2644 1065 2722 Regulam

87 2741 255 2804 observare
267 2758 332 2801 non
348 2757 384 2801 ex
397 2738 593 2811 ¹conscientia
611 2747 771 2816 tenentur,
787 2743 841 2803 sed
857 2759 895 2802 ex
909 2739 1063 2816 decentia,

87 2857 161 2900 nam
180 2838 326 2918 probatio
344 2837 511 2918 diligenter
531 2840 710 2918 peragenda
729 2845 784 2902 est.
806 2837 956 2918 Superior
972 2838 1067 2902 babet

85 2937 135 3016 jus
152 2954 207 2999 eos
221 2936 389 3017 puniendi.

379 3139 436 3212 53.
447 3175 477 3186 -
494 3147 531 3200 lta
545 3147 719 3215 professione
734 3155 775 3214 (l).

126 3322 151 3382 1.
167 3317 327 3382 Professio
338 3323 386 3380 est
399 3316 526 3379 emissio
535 3324 681 3380 votorum
692 3319 806 3399 quibus
818 3307 954 3386 novitius
967 3323 999 3385 in
1008 3330 1068 3387 sta·

89 3426 157 3484 tum
169 3416 357 3494 religiosum
373 3415 562 3480 admittitur.
582 3419 738 3482 Professio
754 3419 811 3481 late
825 3431 941 3505 sumpta
955 3429 1001 3485 est
1015 3441 1065 3489 ac·

122 3626 155 3687 ll)
167 3623 261 3688 Suglfa,
277 3621 449 3674 laetitattoaaa
462 3623 535 3692 juris
543 3623 651 3689 priuati,
663 3621 706 3672 lib.
722 3619 743 3684 l,
753 3633 808 3686 cap.
820 3635 853 3675 rt.
