2604 4264
236 335 288 383 ibi
399 335 554 382 nxrosmo
575 321 753 381 nurnberch
771 334 854 380 Junls
877 334 1034 381 cattorum.

273 454 348 515 lure
361 452 536 528 communi,
549 453 708 531 Episcopo
716 450 1154 530 competitlacultasrmiendi
1159 450 1229 514 be-

232 550 423 612 neficiasuae
444 550 600 612 dioecesis.

272 644 311 704 ΙΙ.
331 641 454 723 Reputo
468 642 619 704 servande
644 643 677 703 in
693 642 809 704 unione
827 640 1067 703 beneficiorum.

272 741 299 800 l.
317 740 478 802 Beneficia
491 757 556 801 non
570 744 643 800 sunt
662 739 814 810 unienda,
830 737 891 797 nisi
908 737 1059 799 Ecclesiae
1074 736 1223 798 necessi·

230 841 277 898 tas
300 838 346 898 vel
379 838 498 898 utilitas
523 835 740 916 postulaverit.
767 835 853 903 lusto
870 853 956 896 cause
977 839 1025 896 est
1040 838 1217 913 paupertas

221 933 389 1011 ecclesiae,
407 953 478 1014 quae
502 937 550 997 vel
572 934 686 1013 injuria
705 933 781 994 belli
805 936 924 993 vastata
941 932 1011 1006 luit,
1032 932 1081 994 vel
1105 931 1222 1010 paucis

230 1032 379 1094 fidelibus
392 1036 526 1108 constat,
543 1033 591 1094 vel
604 1033 726 1094 clerum
739 1032 825 1092 alere
838 1030 961 1109 nequit.

270 1133 301 1192 2.
319 1133 387 1192 Non
395 1135 533 1210 possunt
543 1130 628 1190 uniri
641 1129 796 1191 beneficia
808 1130 1000 1191 diversarum
1010 1128 1213 1201 dioecesium,

231 1245 335 1308 neque
351 1228 510 1290 beneficia
527 1227 685 1306 regularia
709 1243 784 1288 cum
804 1227 1021 1304 saecularibus,
1037 1244 1144 1305 neque
1159 1225 1219 1286 be·

230 1323 791 1402 noticiacollativacumpatronatis.
1299 1394 1300 1418 χ

272 1425 303 1484 3.
320 1422 403 1485 Unio
416 1421 512 1481 debet
526 1436 594 1481 esse
611 1425 764 1499 perpetua
779 1425 809 1482 et
822 1420 939 1482 intuitu
953 1421 1102 1484 Ecclesia
1114 1420 1215 1494 facta,
1278 1421 1282 1430 ‘
1299 1421 1300 1462 l

232 1535 296 1581 non
311 1535 384 1580 vero
408 1517 440 1577 in
466 1535 611 1596 personae
634 1517 785 1593 favorem,
809 1518 952 1597 alioquin
965 1535 1029 1579 non
1054 1523 1137 1580 esset
1152 1516 1218 1577 nisi
1299 1505 1300 1508 '

231 1617 359 1696 palliata
374 1613 602 1676 beneficiorum
625 1614 799 1693 pluralitas,
817 1633 888 1693 quae
903 1615 1104 1694 prohibetur.
1163 1685 1171 1700 ο

271 1715 301 1772 d.
317 1711 476 1772 Audiendi
491 1716 564 1772 sunt
578 1710 625 1770 illi
644 1729 781 1790 quorum
801 1711 945 1789 interest,
961 1730 1076 1792 nempe
1089 1713 1216 1792 capitu-

231 1811 298 1872 lum
311 1813 343 1872 et
361 1808 591 1890 beneficiorum
604 1828 812 1889 possessores.

495 2007 527 2082 ll.
544 2009 621 2060 -De
634 2009 810 2060 beneficiorum
825 2008 957 2062 divisione.

271 2163 294 2222 I.
320 2160 438 2223 Unioni
453 2164 627 2242 opponitur
649 2164 761 2227 divisio
782 2182 837 2226 seu
860 2165 959 2228 sectio
978 2162 1137 2238 beneficii,
1155 2181 1212 2243 per

232 2275 329 2338 quam
343 2276 381 2320 ex
394 2277 459 2321 uno
472 2259 629 2323 beneflcio
643 2263 722 2323 dunt
738 2263 802 2323 duo
815 2263 863 2324 vel
879 2265 979 2341 plura,
996 2261 1040 2322 ita
1053 2266 1089 2322 ut
1103 2260 1212 2322 divisis

231 2356 401 2431 reditibus,
414 2358 540 2436 juribus
556 2364 586 2422 ct
603 2360 765 2437 oneribus,
782 2361 845 2422 duo
864 2359 1044 2422 beneficiati
1061 2359 1210 2439 deinceps

232 2452 453 2516 instituantur.

272 2551 392 2613 Divisio
413 2551 620 2614 ecclesiarum
639 2554 869 2616 cathedralium
891 2553 1030 2633 pertinet
1046 2552 1087 2612 ad
1105 2567 1215 2630 supre-

233 2664 319 2708 mam
338 2649 375 2710 le.
400 2649 564 2710 Pontificis
578 2654 781 2729 potestatem.
803 2649 972 2711 Parochias
988 2667 1074 2725 vero,
1089 2649 1211 2727 aliaque

231 2745 390 2807 beneficia
412 2745 564 2807 inferiora
583 2747 758 2828 Episcopus
779 2747 902 2823 dividit,
920 2747 1016 2809 modo
1032 2746 1115 2809 adsit
1130 2747 1212 2825 justa

234 2859 345 2904 causa.

274 2942 311 3002 ll.
325 2942 361 3001 ln
379 2939 534 3002 divisione
549 2941 773 3020 parochiarum
792 2958 857 3002 non
870 2940 1022 3019 quaelibet
1042 2940 1211 3004 necessitas

130 3121 134 3129 Ι
236 3041 364 3112 praestat
388 3037 601 3099 sufficientem
625 3055 753 3099 causam
778 3037 952 3113 dividendi,
970 3037 1025 3098 sed
1050 3054 1120 3099 eam
1145 3053 1211 3098 esse

237 3137 375 3208 oportet,
393 3139 428 3195 ut
444 3133 528 3195 aliud
543 3135 572 3196 ei
588 3137 767 3197 remedium
779 3133 924 3196 adhiberi
936 3139 1083 3212 nequeat.
1102 3134 1214 3197 Conci·

238 3226 317 3287 lium
339 3229 562 3292 Tridentinum
587 3232 626 3292 de
645 3249 798 3294 novarum
819 3231 1042 3311 parochiarum
1062 3230 1213 3293 constitu-

238 3324 326 3385 tione
341 3329 504 3403 sequentia
516 3328 627 3390 statuit
642 3329 681 3409 (t)
697 3349 704 3392 :
768 3341 772 3349 '

238 3434 249 3450 “
280 3422 310 3482 l.
336 3421 383 3484 Oh
404 3425 558 3502 populum
580 3426 677 3488 nimis
697 3442 915 3501 numerosum,
934 3424 1085 3504 Episcopi
1103 3426 1214 3504 cogant

241 3522 380 3580 rectores
396 3517 457 3580 sihi
467 3525 516 3583 tot
525 3523 706 3586 sacerdotes
720 3523 902 3603 adjungere,
915 3528 993 3603 quot
1007 3521 1212 3584 sulficiantad

276 3677 309 3740 (1)
325 3675 390 3729 Sess.
403 3675 513 3741 xx1,de
524 3677 645 3740 Reform„
657 3693 716 3743 cap.
729 3693 763 3731 rv.
