2590 4262
433 235 508 280 rbus
529 237 692 282 SPECIALIS.
998 241 1050 286 217

111 357 141 414 a.
158 351 191 414 Si
203 351 326 413 crimen
338 351 471 432 stuprum
484 352 580 412 luerit
594 353 800 414 commissum
811 371 918 416 coram
927 356 1048 435 judice,

71 449 110 508 ad
125 449 326 527 puniendum
342 450 447 510 statim
470 450 666 528 proceditur,
687 467 761 511 nam
775 458 920 530 aspectus
931 454 1050 532 judicis

70 547 195 608 inducit
207 546 268 625 ipsi
286 547 466 610 evidentem
484 547 721 626 probationem.

110 662 145 724 Si
157 679 240 738 rens,
257 662 292 722 in
307 664 452 741 flagranti
465 663 599 724 crimine
613 663 842 742 deprehensns
862 679 880 722 a
893 663 1047 727 ministris

68 762 119 822 vel
136 760 176 821 ab
189 759 255 821 aliis
270 762 404 822 ducatur
420 762 459 822 ad
470 762 625 840 judicem,
644 760 835 822 describitur
847 777 958 822 eorum
973 766 1051 825 rela-

68 859 130 933 tio,
154 861 186 919 et
203 861 297 919 testes
319 859 527 938 recipiuntur.
550 860 670 920 Deinde
693 875 764 919 reus
785 859 1004 922 examinatur:
1025 864 1050 923 si

69 956 208 1016 fateatur
222 956 377 1018 delictum
401 957 600 1035 simpliciter,
624 957 806 1018 decernitur
819 957 847 1017 ei
865 965 1049 1037 competens
1110 1023 1116 1034 ‚

70 1069 181 1130 poena3
198 1053 224 1114 si
250 1054 401 1115 defendat
415 1071 448 1114 se
463 1054 664 1132 excipiendo,
688 1054 781 1115 datur
797 1055 825 1114 ei
840 1055 995 1117 terminus
1009 1059 1048 1118 ad

70 1150 294 1229 exceptionem
318 1151 535 1230 probandam3
553 1152 579 1212 si
598 1156 692 1231 neget
721 1152 854 1226 crimen,
875 1171 970 1232 super
992 1156 1050 1217 de-

68 1247 280 1326 prehensione
293 1248 327 1307 in
341 1249 484 1327 flagranti
507 1248 624 1310 delicto
638 1253 827 1327 repetuntur
837 1253 947 1326 testes,
963 1253 1052 1330 aqui·

71 1347 130 1408 bus
149 1347 313 1409 convictus
327 1348 570 1407 condemnatur.
635 1376 636 1379 ¹

110 1463 152 1522 ll.
170 1461 309 1522 Ecomen
320 1479 437 1522 reorum
448 1460 478 1520 iu
483 1459 608 1541 judiciis
622 1459 789 1521 ordinariis.
806 1463 940 1523 -Reus
953 1463 984 1522 in
997 1464 1051 1542 ju-

71 1559 160 1620 dicio
186 1559 375 1620 constitutus
399 1558 572 1619 summario
597 1559 732 1619 examini
756 1561 923 1620 confestim
936 1560 1050 1639 subjici

70 1657 166 1716 solet.
179 1657 265 1717 Istud
281 1655 487 1716 summarium
502 1671 634 1716 examen
644 1655 725 1715 viam
737 1663 893 1735 praeparat
907 1659 1050 1738 legitimo

70 1759 102 1815 et
115 1752 279 1815 ordinario
295 1753 442 1828 examini,
462 1754 548 1832 quod
564 1754 648 1832 apud
669 1753 813 1833 judicem
826 1773 884 1833 pro
898 1757 1049 1819 tribunali

71 1853 237 1913 sedentem
252 1852 439 1913 instituitur.

112 1966 244 2037 Quando
260 1965 417 2030 sententia
431 1965 693 2028 condemnatoria
705 1967 835 2028 ferenda
847 1972 904 2042 est,
920 1968 1048 2032 adhibe·

72 2068 123 2123 tur
137 2063 302 2143 diligentia
315 2065 415 2125 multo
426 2063 527 2142 major
537 2080 633 2141 quam
644 2063 787 2125 incensis
799 2064 954 2128 civilibus.
971 2068 1047 2129 lure

73 2161 241 2222 damnatur
259 2179 330 2222 reus
346 2161 405 2222 rite
420 2159 575 2239 consessus,
602 2161 651 2221 vel
671 2161 828 2222 convictus.

112 2286 142 2342 l.
162 2280 206 2342 De
219 2278 395 2360 consessione
406 2277 571 2356 quaeritur,
593 2293 633 2338 en
648 2295 721 2339 reus
732 2278 835 2357 judici
850 2280 991 2359 legitime
1002 2280 1048 2341 in-

72 2379 246 2457 terroganti
257 2377 423 2438 veritatem
437 2374 529 2437 fateri
544 2378 699 2436 teneatur.
715 2376 933 2438 ludexautem
948 2378 1049 2441 inter-

72 2481 163 2556 rogat
177 2475 329 2554 legitime,
348 2474 424 2534 dum
446 2476 557 2533 contra
570 2490 660 2533 reum
675 2474 764 2535 adest
778 2475 953 2554 semiplena
971 2494 1048 2554 pro·

73 2574 169 2648 botin,
185 2573 233 2633 vel
247 2567 420 2631 diffamatio
438 2570 512 2632 cum
528 2569 657 2630 indiciis
669 2570 853 2648 semiplenae
868 2569 1048 2648 probationi

73 2670 346 2751 aequivalentibus.
367 2669 515 2730 Profecto
530 2687 603 2730 rens
623 2687 690 2730 non
708 2674 832 2730 tenetur
845 2667 948 2741 fateri,
963 2666 1050 2744 siju·

73 2772 133 2832 dex
148 2769 330 2848 egrediatur
342 2767 461 2828 limites
478 2783 542 2828 suae
563 2767 738 2846 potestatis,
755 2766 788 2826 id
805 2770 863 2839 est,
882 2765 907 2824 si
919 2765 1050 2824 interro·

73 2873 124 2946 get
143 2883 235 2928 reum
250 2867 289 2926 de
310 2864 454 2938 crimine,
470 2865 510 2924 de
526 2882 589 2942 quo
606 2882 671 2925 nou
693 2865 867 2924 atteruntur
881 2859 985 2938 gravia
1002 2857 1051 2917 in-

74 2965 168 3026 dicia.

112 3063 158 3123 Ex
172 3061 336 3124 communi
356 3058 523 3134 sententia,
541 3074 612 3120 reus
633 3060 759 3118 tenetur
779 3053 930 3114 delictum
945 3053 1047 3126 lateri,

74 3162 99 3222 si
112 3179 151 3224 ex
164 3159 363 3222 consessione
378 3173 505 3236 gravem
518 3171 645 3234 poeuam
659 3139 723 3214 non
741 3151 902 3212 formidet.

114 3277 147 3339 Si
159 3294 232 3339 vero
242 3275 339 3354 judex
349 3271 491 3352 legitime
501 3270 677 3348 interroget
686 3268 719 3327 in
728 3265 830 3328 causis
843 3264 1047 3346 gravioribus

73 3376 190 3454 duplex
212 3379 259 3436 est
278 3371 444 3434 sententia.
472 3367 536 3430 Alii
554 3383 626 3428 oum
647 3367 678 3427 S.
699 3364 820 3425 'lboma
836 3364 946 3425 dicunt
960 3382 1050 3426 reum

72 3479 146 3535 tuno
156 3473 252 3535 etiam
261 3471 363 3533 teneri
374 3471 414 3530 ad
428 3465 536 3530 delicti
550 3464 793 3526 confessionem.
809 3463 901 3524 Ratio
911 3469 968 3538 est,
982 3469 1051 3524 turn

72 3571 145 3648 quia
158 3569 302 3642 interest,
330 3584 371 3628 ne
385 3564 521 3627 crimina
541 3567 692 3626 maneant
708 3561 875 3658 impunita,
897 3566 965 3623 tum
978 3559 1051 3643 quia

193 3682 228 3728 11.
897 3673 930 3721 lt
