2604 4264
452 321 525 368 PARS
546 319 710 370 sanctatis,
1031 326 1065 373 99

88 441 204 502 runlur
229 460 236 502 :
258 443 290 502 l⁰
313 439 502 503 abstinentia
521 457 539 500 a
557 438 722 517 carnibus;
743 443 775 504 2⁰
796 440 889 506 unica
911 441 1064 520 relecti03

92 543 125 599 3⁰
140 545 269 620 tempus
283 557 393 602 coenre.

131 639 198 698 Lex
211 637 373 716 mitigatur
386 639 433 701 vel
452 656 490 700 ex
507 637 738 700 consuetudine
753 657 824 717 quaa
837 638 961 702 induxit
974 657 1066 701 usum

90 736 326 798 collalinnculae
339 736 535 815 vespertinae,
549 737 597 797 vel
611 753 668 815 per
680 738 811 798 modum
826 737 1067 816 dispensationis

89 833 200 912 quoad
223 832 446 895 abstinentiam
463 833 654 912 quibusdam
675 832 787 896 diebus
805 835 1065 914 quadragesimae.

131 931 182 993 nh
202 931 261 992 ista
280 930 473 1012 obligatione
493 935 621 994 excusat
635 935 722 1007 aetas,
739 932 917 1011 infirmitas,
935 948 1069 1012 pauper·

88 1033 151 1106 tas,
168 1029 260 1092 labor
271 1029 426 1112 corporis,
440 1029 552 1109 pietas.

247 1242 299 1307 52.
312 1269 342 1280 -
359 1241 460 1306 Quibus
475 1241 573 1295 diebus
585 1241 722 1308 jejunium
737 1243 914 1298 observetur.

133 1415 158 1476 1.
174 1412 332 1476 Solemnia
342 1412 462 1492 jejunia
474 1418 565 1476 sunt:
581 1419 609 1475 l.
622 1415 773 1496 Jejttnium
786 1413 1016 1496 quadragesimae
1030 1412 1070 1474 ab

90 1511 258 1590 Apostolis
271 1511 450 1573 institutum
468 1512 508 1573 ad
524 1514 707 1591 exemplum
727 1513 852 1575 Christi.
873 1514 963 1583 Nunc
982 1529 1072 1575 com·
1118 1506 1123 1518 '

89 1611 248 1690 plectitur
262 1613 300 1672 lo
321 1608 399 1682 dies,
420 1613 515 1688 atque
529 1610 595 1689 ejus
610 1611 736 1672 initium
751 1611 787 1674 tit
803 1629 821 1672 a
836 1611 887 1673 die
902 1599 1068 1686 Ginerom3

91 1708 174 1772 olim
195 1707 360 1770 constabat
378 1725 431 1769 sex
449 1707 703 1786 hebdomadibus
722 1727 777 1772 seu
795 1712 834 1771 36
853 1708 976 1784 diebus,
996 1725 1070 1770 nam

92 1807 147 1869 die
166 1805 329 1868 dominico
347 1805 512 1868 christiani
534 1823 598 1868 non
614 1806 800 1886 jejunabant
825 1807 858 1868 in
881 1807 1070 1869 memoriam

92 1904 272 1968 Dominicae
286 1903 540 1966 resurrectionis.
1113 1970 1115 1974 ,

132 2006 163 2064 2.
181 2001 316 2078 Ouatuor
330 2010 491 2082 temporum
510 2003 624 2085 jejumo
652 2003 820 2081 quotannis
845 2002 922 2064 feria
946 2008 1068 2082 quarta,

94 2201 271 2280 assignatur
298 2199 413 2278 triplex
440 2191 583 2280 :primo
616 2201 760 2279 exemplo
786 2201 982 2275 ludaeorum,
1017 2199 1071 2278 qui

95 2305 207 2380 quater
219 2297 253 2357 in
267 2313 350 2357 anuo
359 2296 556 2377 jejunabant,
576 2296 732 2376 ejusmodi
745 2297 871 2375 jejuniis
886 2297 918 2358 id
935 2296 994 2358 sibi
1006 2297 1072 2358 vult

94 2395 248 2470 Ecclesia,
263 2399 300 2456 ut
312 2411 370 2474 pro
385 2395 524 2474 acceptis
540 2395 704 2458 beneficiis
718 2397 783 2457 Deo
798 2395 912 2476 gratias
930 2391 1070 2475 agamus,

92 2500 129 2558 ut
152 2491 292 2554 divinam
316 2507 411 2570 opem
435 2508 613 2570 exoremus,
639 2496 676 2553 ut
701 2493 895 2571 prenitentiae
923 2493 1072 2572 operibus

94 2599 205 2655 nostra
225 2593 360 2655 crimina
381 2593 558 2673 expientur.
580 2589 723 2667 Secundo,
747 2592 781 2652 in
798 2596 933 2671 quatuor
951 2595 1074 2668 tempo-

92 2709 166 2754 rum
182 2691 335 2770 partibus,
350 2691 431 2753 trina
446 2689 567 2771 jejunia
581 2709 640 2769 pro
657 2688 816 2752 mensium
828 2705 962 2750 numero
975 2688 1073 2766 proil-

92 2793 202 2850 tentur
216 2805 326 2851 omnes
346 2789 443 2851 totius
462 2788 536 2850 anni
556 2787 698 2851 actiones
716 2794 747 2851 et
765 2793 895 2850 eventus
913 2790 1039 2846 nostros
1056 2801 1074 2844 a

92 2888 161 2948 Deo
177 2889 334 2966 pendere3
350 2886 508 2966 siquidem
528 2887 686 2966 iejuninm
704 2903 837 2948 vernum
854 2885 888 2944 in
904 2882 1074 2961 qriadrage·

94 2985 188 3061 sima,
206 2987 348 3047 aestivum
361 2991 433 3065 post
445 2988 666 3059 Pentecosten,
684 2983 865 3045 autumnale
879 2997 987 3042 mense
1003 2996 1075 3060 sep·

94 3081 225 3160 tembri,
259 3082 404 3163 hyemale
438 3101 513 3145 vero
540 3099 649 3143 mense
673 3079 836 3141 decembri
862 3078 1071 3142 celebramus

97 3179 208 3255 Tertio,
226 3179 407 3259 vjejunamus
428 3185 463 3242 ut
483 3179 585 3242 bonos
610 3178 716 3239 altaris
738 3177 901 3238 ministros
926 3175 1074 3256 impetre-

96 3295 180 3353 mus,
199 3278 282 3341 sicut
298 3277 442 3358 Apostoli
456 3275 671 3338 ordinationes
690 3273 750 3334 nisi
769 3273 933 3352 praemisso
954 3275 1074 3354 jejunio

95 3389 162 3432 non
187 3370 390 3451 peragebant,
419 3370 489 3432 haec
506 3367 626 3447 jejunia
643 3367 716 3428 ideo
736 3367 880 3440 instituta
899 3373 982 3446 sunt,
1000 3368 1075 3449 quia

96 3467 159 3528 illis
175 3465 374 3548 temporibus
389 3465 498 3529 clerici
514 3465 714 3528 ordinantur.

139 3569 169 3630 3.
192 3566 306 3648 Vigilice
317 3571 407 3628 erant
419 3564 568 3628 nocturni
583 3569 693 3639 ooetus,
711 3579 789 3643 quos
803 3563 899 3645 primi
912 3562 1075 3626 christiani
1097 3607 1099 3612 -

100 3663 133 3727 in
144 3665 289 3729 Ecclesia
303 3663 463 3726 habebant
479 3666 552 3726 ante
566 3662 706 3743 aliquem
719 3663 833 3726 testum
849 3661 946 3737 diem,
961 3660 1076 3741 quibus
