<?xml version="1.0" encoding="UTF-8"?>
<!DOCTYPE html PUBLIC "-//W3C//DTD XHTML 1.0 Transitional//EN"
    "http://www.w3.org/TR/xhtml1/DTD/xhtml1-transitional.dtd">
<html xmlns="http://www.w3.org/1999/xhtml" xml:lang="en" lang="en">
 <head>
  <title>
</title>
<meta http-equiv="Content-Type" content="text/html;charset=utf-8" />
  <meta name='ocr-system' content='tesseract 3.04.00' />
  <meta name='ocr-capabilities' content='ocr_page ocr_carea ocr_par ocr_line ocrx_word'/>
</head>
<body>
  <div class='ocr_page' id='page_1' title='image "./expositiomethod01hugugoog_0191.png"; bbox 0 0 2604 4264; ppageno 0'>
   <div class='ocr_carea' id='block_1_1' title="bbox 206 269 1008 326">
    <p class='ocr_par' dir='ltr' id='par_1_1' title="bbox 206 269 1008 326">
     <span class='ocr_line' id='line_1_1' title="bbox 206 269 1008 326; baseline -0.012 -1"><span class='ocrx_word' id='word_1_1' title='bbox 206 277 258 326; x_wconf 77' lang='lat'>¹80</span> <span class='ocrx_word' id='word_1_2' title='bbox 371 272 526 320; x_wconf 79' lang='lat' dir='ltr'>EXPOSITIO</span> <span class='ocrx_word' id='word_1_3' title='bbox 549 269 726 316; x_wconf 70' lang='lat' dir='ltr'>unruoulco</span> <span class='ocrx_word' id='word_1_4' title='bbox 748 269 831 316; x_wconf 75' lang='lat' dir='ltr'>suuis</span> <span class='ocrx_word' id='word_1_5' title='bbox 855 270 1008 316; x_wconf 72' lang='lat' dir='ltr'>cruorum.</span> 
     </span>
    </p>
   </div>
   <div class='ocr_carea' id='block_1_2' title="bbox 101 389 1188 1532">
    <p class='ocr_par' dir='ltr' id='par_1_2' title="bbox 200 389 1188 669">
     <span class='ocr_line' id='line_1_2' title="bbox 200 389 1187 470; baseline -0.01 -7"><span class='ocrx_word' id='word_1_6' title='bbox 200 397 422 463; x_wconf 84' lang='lat' dir='ltr'><strong>translationes</strong></span> <span class='ocrx_word' id='word_1_7' title='bbox 435 410 520 456; x_wconf 88' lang='lat' dir='ltr'>nunc</span> <span class='ocrx_word' id='word_1_8' title='bbox 540 392 672 454; x_wconf 87' lang='lat' dir='ltr'>minime</span> <span class='ocrx_word' id='word_1_9' title='bbox 681 391 770 466; x_wconf 86' lang='lat' dir='ltr'>flunt,</span> <span class='ocrx_word' id='word_1_10' title='bbox 792 389 854 451; x_wconf 90' lang='lat' dir='ltr'>nisi</span> <span class='ocrx_word' id='word_1_11' title='bbox 868 389 985 470; x_wconf 82' lang='lat' dir='ltr'>praevia</span> <span class='ocrx_word' id='word_1_12' title='bbox 999 390 1135 452; x_wconf 83' lang='lat' dir='ltr'>scientia</span> <span class='ocrx_word' id='word_1_13' title='bbox 1151 396 1187 453; x_wconf 87' lang='lat' dir='ltr'>et</span> 
     </span>
     <span class='ocr_line' id='line_1_3' title="bbox 201 486 1188 571; baseline -0.008 -13"><span class='ocrx_word' id='word_1_14' title='bbox 201 513 355 562; x_wconf 88' lang='lat' dir='ltr'>consensu</span> <span class='ocrx_word' id='word_1_15' title='bbox 376 491 538 571; x_wconf 82' lang='lat' dir='ltr'><strong>Episcopi,</strong></span> <span class='ocrx_word' id='word_1_16' title='bbox 563 489 618 568; x_wconf 91' lang='lat' dir='ltr'>qui</span> <span class='ocrx_word' id='word_1_17' title='bbox 641 487 680 549; x_wconf 88' lang='lat' dir='ltr'>ab</span> <span class='ocrx_word' id='word_1_18' title='bbox 695 505 757 550; x_wconf 89' lang='lat' dir='ltr'>una</span> <span class='ocrx_word' id='word_1_19' title='bbox 780 489 820 549; x_wconf 92' lang='lat' dir='ltr'>ad</span> <span class='ocrx_word' id='word_1_20' title='bbox 835 487 932 550; x_wconf 91' lang='lat' dir='ltr'>aliam</span> <span class='ocrx_word' id='word_1_21' title='bbox 946 486 1120 550; x_wconf 86' lang='lat' dir='ltr'>ecelesiam</span> <span class='ocrx_word' id='word_1_22' title='bbox 1133 492 1188 550; x_wconf 89' lang='lat' dir='ltr'>est</span> 
     </span>
     <span class='ocr_line' id='line_1_4' title="bbox 201 588 505 669; baseline -0.03 -11"><span class='ocrx_word' id='word_1_23' title='bbox 201 589 462 669; x_wconf 84' lang='lat' dir='ltr'>transferendus(</span> <span class='ocrx_word' id='word_1_24' title='bbox 481 588 505 668; x_wconf 88' lang='lat'>).</span> 
     </span>
    </p>

    <p class='ocr_par' dir='ltr' id='par_1_3' title="bbox 101 681 1186 1350">
     <span class='ocr_line' id='line_1_5' title="bbox 101 681 1183 762; baseline -0.004 -10"><span class='ocrx_word' id='word_1_25' title='bbox 101 690 125 698; x_wconf 84' lang='lat'>&#39;&#39;</span> <span class='ocrx_word' id='word_1_26' title='bbox 239 688 358 751; x_wconf 87' lang='lat' dir='ltr'>intuitu</span> <span class='ocrx_word' id='word_1_27' title='bbox 377 685 608 748; x_wconf 84' lang='lat' dir='ltr'>beneficiorum</span> <span class='ocrx_word' id='word_1_28' title='bbox 632 683 809 757; x_wconf 87' lang='lat' dir='ltr'>minorum,</span> <span class='ocrx_word' id='word_1_29' title='bbox 837 681 1102 762; x_wconf 83' lang='lat' dir='ltr'>distinguendum</span> <span class='ocrx_word' id='word_1_30' title='bbox 1129 691 1183 748; x_wconf 89' lang='lat' dir='ltr'>est</span> 
     </span>
     <span class='ocr_line' id='line_1_6' title="bbox 198 780 1184 860; baseline -0.004 -12"><span class='ocrx_word' id='word_1_31' title='bbox 198 788 282 849; x_wconf 91' lang='lat' dir='ltr'>inter</span> <span class='ocrx_word' id='word_1_32' title='bbox 293 784 497 847; x_wconf 86' lang='lat' dir='ltr'>beneficiatos</span> <span class='ocrx_word' id='word_1_33' title='bbox 514 780 642 860; x_wconf 80' lang='lat' dir='ltr'>proprie</span> <span class='ocrx_word' id='word_1_34' title='bbox 658 780 760 842; x_wconf 91' lang='lat' dir='ltr'>dictos</span> <span class='ocrx_word' id='word_1_35' title='bbox 775 785 807 841; x_wconf 91' lang='lat' dir='ltr'>et</span> <span class='ocrx_word' id='word_1_36' title='bbox 821 781 893 843; x_wconf 90' lang='lat' dir='ltr'>illos</span> <span class='ocrx_word' id='word_1_37' title='bbox 908 781 963 860; x_wconf 92' lang='lat' dir='ltr'>qui</span> <span class='ocrx_word' id='word_1_38' title='bbox 985 781 1184 844; x_wconf 86' lang='lat' dir='ltr'>heneficium</span> 
     </span>
     <span class='ocr_line' id='line_1_7' title="bbox 199 878 1185 960; baseline -0.006 -14"><span class='ocrx_word' id='word_1_39' title='bbox 199 902 265 946; x_wconf 92' lang='lat' dir='ltr'>non</span> <span class='ocrx_word' id='word_1_40' title='bbox 289 883 322 942; x_wconf 91' lang='lat' dir='ltr'>in</span> <span class='ocrx_word' id='word_1_41' title='bbox 337 882 465 944; x_wconf 82' lang='lat' dir='ltr'>titulum</span> <span class='ocrx_word' id='word_1_42' title='bbox 489 878 704 954; x_wconf 86' lang='lat' dir='ltr'>obtinuerunt,</span> <span class='ocrx_word' id='word_1_43' title='bbox 729 878 838 960; x_wconf 89' lang='lat' dir='ltr'>quales</span> <span class='ocrx_word' id='word_1_44' title='bbox 853 884 926 941; x_wconf 89' lang='lat' dir='ltr'>sunt</span> <span class='ocrx_word' id='word_1_45' title='bbox 944 878 1185 941; x_wconf 82' lang='lat' dir='ltr'>succursalistae</span> 
     </span>
     <span class='ocr_line' id='line_1_8' title="bbox 200 974 1186 1056; baseline -0.003 -15"><span class='ocrx_word' id='word_1_46' title='bbox 200 981 235 1041; x_wconf 93' lang='lat' dir='ltr'>in</span> <span class='ocrx_word' id='word_1_47' title='bbox 248 978 347 1042; x_wconf 84' lang='lat' dir='ltr'>Gellia</span> <span class='ocrx_word' id='word_1_48' title='bbox 359 984 390 1041; x_wconf 89' lang='lat' dir='ltr'>et</span> <span class='ocrx_word' id='word_1_49' title='bbox 401 977 560 1056; x_wconf 83' lang='lat' dir='ltr'>inBelgio.</span> <span class='ocrx_word' id='word_1_50' title='bbox 574 976 760 1056; x_wconf 75' lang='lat' dir='ltr'>Episcopus,</span> <span class='ocrx_word' id='word_1_51' title='bbox 777 974 836 1036; x_wconf 90' lang='lat' dir='ltr'>nisi</span> <span class='ocrx_word' id='word_1_52' title='bbox 852 994 947 1039; x_wconf 81' lang='lat' dir='ltr'>causa</span> <span class='ocrx_word' id='word_1_53' title='bbox 957 977 1114 1040; x_wconf 89' lang='lat' dir='ltr'>canonica</span> <span class='ocrx_word' id='word_1_54' title='bbox 1127 996 1186 1039; x_wconf 89' lang='lat' dir='ltr'>ur·</span> 
     </span>
     <span class='ocr_line' id='line_1_9' title="bbox 199 1075 1185 1160; baseline -0.005 -19"><span class='ocrx_word' id='word_1_55' title='bbox 199 1084 281 1160; x_wconf 87' lang='lat' dir='ltr'>geat‚</span> <span class='ocrx_word' id='word_1_56' title='bbox 298 1077 426 1141; x_wconf 91' lang='lat' dir='ltr'>nonnisi</span> <span class='ocrx_word' id='word_1_57' title='bbox 443 1077 582 1137; x_wconf 85' lang='lat' dir='ltr'>volentes</span> <span class='ocrx_word' id='word_1_58' title='bbox 592 1075 761 1136; x_wconf 79' lang='lat' dir='ltr'>transferre</span> <span class='ocrx_word' id='word_1_59' title='bbox 768 1075 1068 1138; x_wconf 88' lang='lat' dir='ltr'>valetbeneiiciatos</span> <span class='ocrx_word' id='word_1_60' title='bbox 1081 1077 1185 1156; x_wconf 92' lang='lat' dir='ltr'>primi</span> 
     </span>
     <span class='ocr_line' id='line_1_10' title="bbox 196 1172 1184 1256; baseline -0.003 -17"><span class='ocrx_word' id='word_1_61' title='bbox 196 1177 331 1256; x_wconf 86' lang='lat' dir='ltr'>generis.</span> <span class='ocrx_word' id='word_1_62' title='bbox 356 1174 491 1236; x_wconf 89' lang='lat' dir='ltr'>Paroehi</span> <span class='ocrx_word' id='word_1_63' title='bbox 513 1190 588 1234; x_wconf 89' lang='lat' dir='ltr'>vero</span> <span class='ocrx_word' id='word_1_64' title='bbox 606 1172 794 1234; x_wconf 81' lang='lat' dir='ltr'>amoribiles</span> <span class='ocrx_word' id='word_1_65' title='bbox 814 1175 1061 1250; x_wconf 79' lang='lat' dir='ltr'>transferuntur,</span> <span class='ocrx_word' id='word_1_66' title='bbox 1079 1175 1184 1237; x_wconf 90' lang='lat' dir='ltr'>etiam</span> 
     </span>
     <span class='ocr_line' id='line_1_11' title="bbox 198 1269 664 1350; baseline -0.015 -14"><span class='ocrx_word' id='word_1_67' title='bbox 198 1275 299 1350; x_wconf 87' lang='lat' dir='ltr'>inviti,</span> <span class='ocrx_word' id='word_1_68' title='bbox 317 1273 358 1334; x_wconf 94' lang='lat' dir='ltr'>ob</span> <span class='ocrx_word' id='word_1_69' title='bbox 371 1273 491 1334; x_wconf 92' lang='lat' dir='ltr'>bonum</span> <span class='ocrx_word' id='word_1_70' title='bbox 507 1269 664 1331; x_wconf 72' lang='lat' dir='ltr'>dioecesis.</span> 
     </span>
    </p>

    <p class='ocr_par' dir='ltr' id='par_1_4' title="bbox 199 1365 1184 1532">
     <span class='ocr_line' id='line_1_12' title="bbox 237 1365 1184 1450; baseline 0 -18"><span class='ocrx_word' id='word_1_71' title='bbox 237 1372 290 1432; x_wconf 89' lang='lat'><em>111.</em></span> <span class='ocrx_word' id='word_1_72' title='bbox 306 1369 441 1449; x_wconf 73' lang='lat' dir='ltr'>Effectus</span> <span class='ocrx_word' id='word_1_73' title='bbox 452 1365 651 1426; x_wconf 66' lang='lat' dir='ltr'>translationes</span> <span class='ocrx_word' id='word_1_74' title='bbox 663 1369 750 1429; x_wconf 90' lang='lat' dir='ltr'>estut</span> <span class='ocrx_word' id='word_1_75' title='bbox 762 1367 900 1430; x_wconf 83' lang='lat' dir='ltr'>solvatur</span> <span class='ocrx_word' id='word_1_76' title='bbox 909 1367 997 1450; x_wconf 89' lang='lat' dir='ltr'>prius</span> <span class='ocrx_word' id='word_1_77' title='bbox 1010 1369 1184 1432; x_wconf 85' lang='lat' dir='ltr'>vinculum</span> 
     </span>
     <span class='ocr_line' id='line_1_13' title="bbox 199 1465 555 1532; baseline -0.017 -1"><span class='ocrx_word' id='word_1_78' title='bbox 199 1473 231 1532; x_wconf 89' lang='lat' dir='ltr'>et</span> <span class='ocrx_word' id='word_1_79' title='bbox 242 1484 360 1531; x_wconf 87' lang='lat' dir='ltr'>novum</span> <span class='ocrx_word' id='word_1_80' title='bbox 375 1465 555 1526; x_wconf 82' lang='lat' dir='ltr'>inducatur.</span> 
     </span>
    </p>
   </div>
   <div class='ocr_carea' id='block_1_3' title="bbox 350 1662 1021 1726">
    <p class='ocr_par' dir='ltr' id='par_1_5' title="bbox 350 1662 1021 1726">
     <span class='ocr_line' id='line_1_14' title="bbox 350 1662 1021 1726; baseline 0.004 -16"><span class='ocrx_word' id='word_1_81' title='bbox 350 1663 463 1723; x_wconf 76' lang='lat' dir='ltr'>Qonsrro</span> <span class='ocrx_word' id='word_1_82' title='bbox 478 1663 513 1712; x_wconf 73' lang='lat'>2¹.</span> <span class='ocrx_word' id='word_1_83' title='bbox 528 1687 558 1698; x_wconf 96' lang='lat'><em>-</em></span> <span class='ocrx_word' id='word_1_84' title='bbox 573 1662 612 1712; x_wconf 84' lang='lat' dir='ltr'>Dr</span> <span class='ocrx_word' id='word_1_85' title='bbox 625 1673 779 1716; x_wconf 70' lang='lat' dir='ltr'>prememus</span> <span class='ocrx_word' id='word_1_86' title='bbox 790 1673 968 1713; x_wconf 77' lang='lat' dir='ltr'>vicariorum</span> <span class='ocrx_word' id='word_1_87' title='bbox 980 1662 1021 1726; x_wconf 80' lang='lat'><strong>(2).</strong></span> 
     </span>
    </p>
   </div>
   <div class='ocr_carea' id='block_1_4' title="bbox 146 1819 1183 3469">
    <p class='ocr_par' dir='ltr' id='par_1_6' title="bbox 198 1819 1181 2290">
     <span class='ocr_line' id='line_1_15' title="bbox 237 1819 1181 1895; baseline 0.003 -13"><span class='ocrx_word' id='word_1_88' title='bbox 237 1823 356 1882; x_wconf 88' lang='lat' dir='ltr'>Praeter</span> <span class='ocrx_word' id='word_1_89' title='bbox 371 1825 519 1895; x_wconf 89' lang='lat' dir='ltr'>mortem,</span> <span class='ocrx_word' id='word_1_90' title='bbox 533 1819 687 1882; x_wconf 84' lang='lat' dir='ltr'>beneficia</span> <span class='ocrx_word' id='word_1_91' title='bbox 697 1820 886 1884; x_wconf 86' lang='lat' dir='ltr'>necessitate</span> <span class='ocrx_word' id='word_1_92' title='bbox 896 1821 1093 1883; x_wconf 86' lang='lat' dir='ltr'>amittuntur</span> <span class='ocrx_word' id='word_1_93' title='bbox 1103 1823 1181 1885; x_wconf 91' lang='lat' dir='ltr'>duo-</span> 
     </span>
     <span class='ocr_line' id='line_1_16' title="bbox 199 1916 1181 1999; baseline 0 -17"><span class='ocrx_word' id='word_1_94' title='bbox 199 1920 257 1982; x_wconf 89' lang='lat' dir='ltr'>bus</span> <span class='ocrx_word' id='word_1_95' title='bbox 281 1916 395 1993; x_wconf 88' lang='lat' dir='ltr'>modis,</span> <span class='ocrx_word' id='word_1_96' title='bbox 426 1916 467 1978; x_wconf 90' lang='lat' dir='ltr'>ob</span> <span class='ocrx_word' id='word_1_97' title='bbox 489 1922 612 1982; x_wconf 92' lang='lat' dir='ltr'>certum</span> <span class='ocrx_word' id='word_1_98' title='bbox 632 1917 754 1980; x_wconf 85' lang='lat' dir='ltr'><strong>crimen</strong></span> <span class='ocrx_word' id='word_1_99' title='bbox 778 1936 921 1994; x_wconf 88' lang='lat' dir='ltr'>enorme,</span> <span class='ocrx_word' id='word_1_100' title='bbox 939 1923 1073 1999; x_wconf 90' lang='lat' dir='ltr'>propter</span> <span class='ocrx_word' id='word_1_101' title='bbox 1092 1921 1181 1999; x_wconf 91' lang='lat' dir='ltr'>quod</span> 
     </span>
     <span class='ocr_line' id='line_1_17' title="bbox 199 2014 1180 2094; baseline 0.001 -16"><span class='ocrx_word' id='word_1_102' title='bbox 199 2032 336 2078; x_wconf 88' lang='lat' dir='ltr'>canones</span> <span class='ocrx_word' id='word_1_103' title='bbox 348 2014 558 2094; x_wconf 86' lang='lat' dir='ltr'>privationem</span> <span class='ocrx_word' id='word_1_104' title='bbox 570 2016 716 2088; x_wconf 87' lang='lat' dir='ltr'>beneficii</span> <span class='ocrx_word' id='word_1_105' title='bbox 731 2016 801 2094; x_wconf 93' lang='lat' dir='ltr'>ipso</span> <span class='ocrx_word' id='word_1_106' title='bbox 816 2018 901 2083; x_wconf 83' lang='lat' dir='ltr'>iacto</span> <span class='ocrx_word' id='word_1_107' title='bbox 921 2018 1111 2092; x_wconf 85' lang='lat' dir='ltr'>decernunt,</span> <span class='ocrx_word' id='word_1_108' title='bbox 1125 2019 1180 2079; x_wconf 88' lang='lat' dir='ltr'>vel</span> 
     </span>
     <span class='ocr_line' id='line_1_18' title="bbox 200 2112 1180 2193; baseline 0 -18"><span class='ocrx_word' id='word_1_109' title='bbox 200 2112 241 2175; x_wconf 90' lang='lat' dir='ltr'>oh</span> <span class='ocrx_word' id='word_1_110' title='bbox 265 2112 398 2174; x_wconf 88' lang='lat' dir='ltr'>crimine</span> <span class='ocrx_word' id='word_1_111' title='bbox 422 2113 527 2174; x_wconf 90' lang='lat' dir='ltr'>minus</span> <span class='ocrx_word' id='word_1_112' title='bbox 554 2112 696 2176; x_wconf 85' lang='lat' dir='ltr'>enormia</span> <span class='ocrx_word' id='word_1_113' title='bbox 720 2113 834 2192; x_wconf 89' lang='lat' dir='ltr'>quihus</span> <span class='ocrx_word' id='word_1_114' title='bbox 869 2131 964 2193; x_wconf 79' lang='lat' dir='ltr'>prena</span> <span class='ocrx_word' id='word_1_115' title='bbox 986 2113 1180 2193; x_wconf 77' lang='lat' dir='ltr'>{privationis</span> 
     </span>
     <span class='ocr_line' id='line_1_19' title="bbox 198 2211 936 2290; baseline 0.003 -16"><span class='ocrx_word' id='word_1_116' title='bbox 198 2229 264 2274; x_wconf 90' lang='lat' dir='ltr'>non</span> <span class='ocrx_word' id='word_1_117' title='bbox 272 2211 424 2290; x_wconf 85' lang='lat' dir='ltr'>infligitur</span> <span class='ocrx_word' id='word_1_118' title='bbox 437 2212 498 2271; x_wconf 90' lang='lat' dir='ltr'>nisi</span> <span class='ocrx_word' id='word_1_119' title='bbox 514 2218 587 2289; x_wconf 92' lang='lat' dir='ltr'>post</span> <span class='ocrx_word' id='word_1_120' title='bbox 598 2213 791 2276; x_wconf 90' lang='lat' dir='ltr'>sententiam</span> <span class='ocrx_word' id='word_1_121' title='bbox 800 2213 936 2290; x_wconf 86' lang='lat' dir='ltr'>judicis.</span> 
     </span>
    </p>

    <p class='ocr_par' dir='ltr' id='par_1_7' title="bbox 199 2310 1180 2779">
     <span class='ocr_line' id='line_1_20' title="bbox 238 2310 1180 2391; baseline 0.002 -20"><span class='ocrx_word' id='word_1_122' title='bbox 238 2311 261 2374; x_wconf 92' lang='lat'>1.</span> <span class='ocrx_word' id='word_1_123' title='bbox 279 2312 511 2372; x_wconf 78' lang='lat' dir='ltr'>Enumerantur</span> <span class='ocrx_word' id='word_1_124' title='bbox 525 2310 713 2373; x_wconf 89' lang='lat' dir='ltr'>clericorum</span> <span class='ocrx_word' id='word_1_125' title='bbox 730 2310 856 2386; x_wconf 86' lang='lat' dir='ltr'>delicte,</span> <span class='ocrx_word' id='word_1_126' title='bbox 877 2316 1012 2390; x_wconf 86' lang='lat' dir='ltr'>propter</span> <span class='ocrx_word' id='word_1_127' title='bbox 1033 2328 1106 2391; x_wconf 83' lang='lat' dir='ltr'>quae</span> <span class='ocrx_word' id='word_1_128' title='bbox 1120 2311 1180 2373; x_wconf 86' lang='lat' dir='ltr'>be·</span> 
     </span>
     <span class='ocr_line' id='line_1_21' title="bbox 199 2407 1179 2487; baseline 0 -17"><span class='ocrx_word' id='word_1_129' title='bbox 199 2407 313 2472; x_wconf 87' lang='lat' dir='ltr'>neiicia</span> <span class='ocrx_word' id='word_1_130' title='bbox 326 2409 396 2486; x_wconf 90' lang='lat' dir='ltr'>ipso</span> <span class='ocrx_word' id='word_1_131' title='bbox 410 2409 480 2487; x_wconf 88' lang='lat' dir='ltr'>jure</span> <span class='ocrx_word' id='word_1_132' title='bbox 494 2409 703 2470; x_wconf 85' lang='lat' dir='ltr'>amittuntur:</span> <span class='ocrx_word' id='word_1_133' title='bbox 720 2409 863 2484; x_wconf 76' lang='lat' dir='ltr'>heresis,</span> <span class='ocrx_word' id='word_1_134' title='bbox 879 2409 1028 2482; x_wconf 89' lang='lat' dir='ltr'>simonia,</span> <span class='ocrx_word' id='word_1_135' title='bbox 1045 2426 1179 2487; x_wconf 89' lang='lat' dir='ltr'>percus-</span> 
     </span>
     <span class='ocr_line' id='line_1_22' title="bbox 200 2504 1178 2583; baseline 0.002 -17"><span class='ocrx_word' id='word_1_136' title='bbox 200 2505 246 2567; x_wconf 94' lang='lat' dir='ltr'>sio</span> <span class='ocrx_word' id='word_1_137' title='bbox 277 2504 517 2583; x_wconf 77' lang='lat' dir='ltr'>Episcoporum,</span> <span class='ocrx_word' id='word_1_138' title='bbox 540 2505 751 2567; x_wconf 86' lang='lat' dir='ltr'>homicidium</span> <span class='ocrx_word' id='word_1_139' title='bbox 775 2507 972 2582; x_wconf 83' lang='lat' dir='ltr'>mandatum,</span> <span class='ocrx_word' id='word_1_140' title='bbox 995 2507 1178 2569; x_wconf 80' lang='lat' dir='ltr'>falsificatio</span> 
     </span>
     <span class='ocr_line' id='line_1_23' title="bbox 199 2602 1179 2684; baseline 0 -19"><span class='ocrx_word' id='word_1_141' title='bbox 199 2602 385 2682; x_wconf 81' lang='lat' dir='ltr'>litterarum¹</span> <span class='ocrx_word' id='word_1_142' title='bbox 405 2603 661 2680; x_wconf 87' lang='lat' dir='ltr'>apostolicarum,</span> <span class='ocrx_word' id='word_1_143' title='bbox 695 2605 846 2680; x_wconf 89' lang='lat' dir='ltr'>duellum,</span> <span class='ocrx_word' id='word_1_144' title='bbox 876 2605 991 2684; x_wconf 86' lang='lat' dir='ltr'>injusta</span> <span class='ocrx_word' id='word_1_145' title='bbox 1015 2603 1179 2666; x_wconf 91' lang='lat' dir='ltr'>bonorum</span> 
     </span>
     <span class='ocr_line' id='line_1_24' title="bbox 200 2699 538 2779; baseline 0 -17"><span class='ocrx_word' id='word_1_146' title='bbox 200 2701 342 2762; x_wconf 79' lang='lat' dir='ltr'>ecclesiae</span> <span class='ocrx_word' id='word_1_147' title='bbox 358 2699 538 2779; x_wconf 80' lang='lat' dir='ltr'>occupatio.</span> 
     </span>
    </p>

    <p class='ocr_par' dir='ltr' id='par_1_8' title="bbox 146 2798 1183 3469">
     <span class='ocr_line' id='line_1_25' title="bbox 240 2798 1179 2882; baseline 0.005 -22"><span class='ocrx_word' id='word_1_148' title='bbox 240 2798 280 2860; x_wconf 88' lang='lat' dir='ltr'>Ii.</span> <span class='ocrx_word' id='word_1_149' title='bbox 293 2799 504 2860; x_wconf 87' lang='lat' dir='ltr'>Numerantur</span> <span class='ocrx_word' id='word_1_150' title='bbox 516 2799 648 2860; x_wconf 85' lang='lat' dir='ltr'>crimina</span> <span class='ocrx_word' id='word_1_151' title='bbox 660 2800 701 2862; x_wconf 93' lang='lat' dir='ltr'>ob</span> <span class='ocrx_word' id='word_1_152' title='bbox 710 2819 791 2878; x_wconf 83' lang='lat' dir='ltr'>quae,</span> <span class='ocrx_word' id='word_1_153' title='bbox 808 2801 834 2862; x_wconf 91' lang='lat' dir='ltr'>si</span> <span class='ocrx_word' id='word_1_154' title='bbox 844 2801 894 2880; x_wconf 85' lang='lat' dir='ltr'>jus</span> <span class='ocrx_word' id='word_1_155' title='bbox 906 2801 1014 2882; x_wconf 89' lang='lat' dir='ltr'>ipsum</span> <span class='ocrx_word' id='word_1_156' title='bbox 1025 2803 1179 2882; x_wconf 87' lang='lat' dir='ltr'>privatio·</span> 
     </span>
     <span class='ocr_line' id='line_1_26' title="bbox 202 2895 1178 2981; baseline 0.007 -25"><span class='ocrx_word' id='word_1_157' title='bbox 202 2911 277 2957; x_wconf 90' lang='lat' dir='ltr'>nem</span> <span class='ocrx_word' id='word_1_158' title='bbox 287 2895 433 2958; x_wconf 86' lang='lat' dir='ltr'>beneficii</span> <span class='ocrx_word' id='word_1_159' title='bbox 443 2914 508 2958; x_wconf 91' lang='lat' dir='ltr'>non</span> <span class='ocrx_word' id='word_1_160' title='bbox 524 2897 649 2976; x_wconf 80' lang='lat' dir='ltr'>infligit,</span> <span class='ocrx_word' id='word_1_161' title='bbox 663 2904 851 2962; x_wconf 85' lang='lat' dir='ltr'>eomtamen</span> <span class='ocrx_word' id='word_1_162' title='bbox 866 2901 1085 2963; x_wconf 88' lang='lat' dir='ltr'>comminatur</span> <span class='ocrx_word' id='word_1_163' title='bbox 1098 2919 1117 2962; x_wconf 92' lang='lat' dir='ltr'>a</span> <span class='ocrx_word' id='word_1_164' title='bbox 1125 2901 1178 2981; x_wconf 85' lang='lat' dir='ltr'>ju-</span> 
     </span>
     <span class='ocr_line' id='line_1_27' title="bbox 203 2992 1180 3077; baseline 0.008 -23"><span class='ocrx_word' id='word_1_165' title='bbox 203 2992 274 3054; x_wconf 91' lang='lat' dir='ltr'>dice</span> <span class='ocrx_word' id='word_1_166' title='bbox 289 2993 514 3075; x_wconf 85' lang='lat' dir='ltr'>infligendam:</span> <span class='ocrx_word' id='word_1_167' title='bbox 532 3013 598 3058; x_wconf 91' lang='lat' dir='ltr'>non</span> <span class='ocrx_word' id='word_1_168' title='bbox 610 2997 785 3060; x_wconf 86' lang='lat' dir='ltr'>residentes</span> <span class='ocrx_word' id='word_1_169' title='bbox 797 3003 868 3076; x_wconf 90' lang='lat' dir='ltr'>post</span> <span class='ocrx_word' id='word_1_170' title='bbox 882 2999 1015 3077; x_wconf 82' lang='lat' dir='ltr'>praevias</span> <span class='ocrx_word' id='word_1_171' title='bbox 1029 2999 1180 3062; x_wconf 85' lang='lat' dir='ltr'>monitio-</span> 
     </span>
     <span class='ocr_line' id='line_1_28' title="bbox 146 3095 1177 3174; baseline 0.009 -26"><span class='ocrx_word' id='word_1_172' title='bbox 146 3145 156 3164; x_wconf 72' lang='lat'><em>,</em></span> <span class='ocrx_word' id='word_1_173' title='bbox 202 3105 279 3164; x_wconf 86' lang='lat' dir='ltr'>nes;</span> <span class='ocrx_word' id='word_1_174' title='bbox 302 3109 367 3154; x_wconf 90' lang='lat' dir='ltr'>non</span> <span class='ocrx_word' id='word_1_175' title='bbox 388 3095 595 3174; x_wconf 90' lang='lat' dir='ltr'>suscipientes</span> <span class='ocrx_word' id='word_1_176' title='bbox 613 3096 696 3158; x_wconf 88' lang='lat' dir='ltr'>intre</span> <span class='ocrx_word' id='word_1_177' title='bbox 711 3113 829 3157; x_wconf 91' lang='lat' dir='ltr'>annum</span> <span class='ocrx_word' id='word_1_178' title='bbox 851 3097 979 3158; x_wconf 89' lang='lat' dir='ltr'>ordines</span> <span class='ocrx_word' id='word_1_179' title='bbox 1012 3096 1177 3159; x_wconf 87' lang='lat' dir='ltr'>beneficiis</span> 
     </span>
     <span class='ocr_line' id='line_1_29' title="bbox 203 3195 1178 3274; baseline 0.012 -30"><span class='ocrx_word' id='word_1_180' title='bbox 203 3202 356 3264; x_wconf 82' lang='lat' dir='ltr'>annexos;</span> <span class='ocrx_word' id='word_1_181' title='bbox 369 3195 600 3257; x_wconf 86' lang='lat' dir='ltr'>contumaciter</span> <span class='ocrx_word' id='word_1_182' title='bbox 611 3195 792 3258; x_wconf 88' lang='lat' dir='ltr'>omittentes</span> <span class='ocrx_word' id='word_1_183' title='bbox 803 3195 957 3258; x_wconf 86' lang='lat' dir='ltr'>clericalis</span> <span class='ocrx_word' id='word_1_184' title='bbox 969 3195 1100 3258; x_wconf 86' lang='lat' dir='ltr'>habitus</span> <span class='ocrx_word' id='word_1_185' title='bbox 1113 3211 1178 3274; x_wconf 81' lang='lat' dir='ltr'>ges·</span> 
     </span>
     <span class='ocr_line' id='line_1_30' title="bbox 203 3281 1180 3362; baseline 0.01 -18"><span class='ocrx_word' id='word_1_186' title='bbox 203 3281 373 3362; x_wconf 66' lang='lat' dir='ltr'>tationem</span> <span class='ocrx_word' id='word_1_187' title='bbox 393 3289 647 3355; x_wconf 88' lang='lat' dir='ltr'>insordesoentes</span> <span class='ocrx_word' id='word_1_188' title='bbox 659 3295 692 3354; x_wconf 93' lang='lat' dir='ltr'>in</span> <span class='ocrx_word' id='word_1_189' title='bbox 705 3293 1037 3356; x_wconf 83' lang='lat' dir='ltr'>excommunicatione</span> <span class='ocrx_word' id='word_1_190' title='bbox 1052 3294 1101 3354; x_wconf 90' lang='lat' dir='ltr'>vel</span> <span class='ocrx_word' id='word_1_191' title='bbox 1112 3311 1180 3354; x_wconf 91' lang='lat' dir='ltr'>sus·</span> 
     </span>
     <span class='ocr_line' id='line_1_31' title="bbox 204 3379 1183 3469; baseline 0.015 -29"><span class='ocrx_word' id='word_1_192' title='bbox 204 3379 373 3458; x_wconf 82' lang='lat' dir='ltr'>pensione3</span> <span class='ocrx_word' id='word_1_193' title='bbox 394 3385 599 3466; x_wconf 80' lang='lat' dir='ltr'>irregulares3</span> <span class='ocrx_word' id='word_1_194' title='bbox 621 3391 797 3469; x_wconf 82' lang='lat' dir='ltr'>inhonestae</span> <span class='ocrx_word' id='word_1_195' title='bbox 811 3393 884 3454; x_wconf 84' lang='lat' dir='ltr'>vitae</span> <span class='ocrx_word' id='word_1_196' title='bbox 900 3390 1019 3466; x_wconf 80' lang='lat' dir='ltr'>dediti3</span> <span class='ocrx_word' id='word_1_197' title='bbox 1047 3392 1183 3455; x_wconf 82' lang='lat' dir='ltr'>saecuia·</span> 
     </span>
    </p>
   </div>
   <div class='ocr_carea' id='block_1_5' title="bbox 234 3529 1104 3684">
    <p class='ocr_par' dir='ltr' id='par_1_9' title="bbox 234 3529 1104 3684">
     <span class='ocr_line' id='line_1_32' title="bbox 235 3529 1104 3608; baseline 0.018 -30"><span class='ocrx_word' id='word_1_198' title='bbox 235 3529 267 3592; x_wconf 86' lang='grc'>(1)</span> <span class='ocrx_word' id='word_1_199' title='bbox 280 3530 426 3583; x_wconf 84' lang='lat' dir='ltr'>Benedictus</span> <span class='ocrx_word' id='word_1_200' title='bbox 440 3537 507 3600; x_wconf 73' lang='grc' dir='ltr'>ΧΠ,</span> <span class='ocrx_word' id='word_1_201' title='bbox 518 3539 550 3589; x_wconf 85' lang='lat' dir='ltr'>de</span> <span class='ocrx_word' id='word_1_202' title='bbox 563 3540 663 3604; x_wconf 78' lang='lat' dir='ltr'>synodo</span> <span class='ocrx_word' id='word_1_203' title='bbox 682 3541 828 3608; x_wconf 68' lang='lat' dir='ltr'>deterescere,</span> <span class='ocrx_word' id='word_1_204' title='bbox 838 3542 882 3596; x_wconf 91' lang='lat' dir='ltr'>lib.</span> <span class='ocrx_word' id='word_1_205' title='bbox 898 3541 964 3606; x_wconf 81' lang='lat' dir='ltr'>xlii,</span> <span class='ocrx_word' id='word_1_206' title='bbox 975 3555 1031 3606; x_wconf 71' lang='lat' dir='ltr'>cap.</span> <span class='ocrx_word' id='word_1_207' title='bbox 1048 3555 1104 3594; x_wconf 86' lang='lat' dir='ltr'>xrr.</span> 
     </span>
     <span class='ocr_line' id='line_1_33' title="bbox 234 3608 762 3684; baseline 0.023 -24"><span class='ocrx_word' id='word_1_208' title='bbox 234 3608 265 3674; x_wconf 83' lang='lat'>(2)</span> <span class='ocrx_word' id='word_1_209' title='bbox 279 3611 388 3672; x_wconf 76' lang='lat' dir='ltr'>Berardi</span> <span class='ocrx_word' id='word_1_210' title='bbox 401 3612 431 3662; x_wconf 83' lang='lat' dir='ltr'>de</span> <span class='ocrx_word' id='word_1_211' title='bbox 446 3617 583 3684; x_wconf 78' lang='lat' dir='ltr'>Beneficiis,</span> <span class='ocrx_word' id='word_1_212' title='bbox 597 3623 695 3675; x_wconf 72' lang='lat' dir='ltr'>duceri.</span> <span class='ocrx_word' id='word_1_213' title='bbox 710 3623 762 3677; x_wconf 75' lang='lat' dir='ltr'>vii.</span> 
     </span>
    </p>
   </div>
   <div class='ocr_carea' id='block_1_6' title="bbox 0 0 1313 4264">
    <p class='ocr_par' dir='ltr' id='par_1_10' title="bbox 0 0 1313 4264">
     <span class='ocr_line' id='line_1_34' title="bbox 0 0 1313 4264; baseline 0 0"><span class='ocrx_word' id='word_1_214' title='bbox 0 0 1313 4264; x_wconf 95' lang='lat' dir='ltr'> </span> 
     </span>
    </p>
   </div>
  </div>
 </body>
</html>
