2604 4264
489 289 562 336 rans
595 289 760 338 suntuna.

467 517 706 575 ³ARTICULUS
725 520 768 574 lll

409 685 442 724 nn
457 663 546 724 ursns'
558 683 625 724 aum
643 672 843 728 accursrasncri

169 849 187 912 ς
202 848 227 902 l.
246 845 328 902 Festa
341 847 371 902 in
384 859 503 917 genere.

168 938 186 1003 ἓ
199 937 224 991 2.
246 935 328 993 Festa
341 939 371 993 et
383 935 479 996 cultus
491 935 673 993 Sanctorum.

390 1159 392 1164 ·
412 1137 467 1202 §h
483 1165 513 1178 -
525 1135 563 1193 lle
577 1119 658 1192 lestis
672 1135 703 1190 in
720 1149 834 1204 penore.

175 1296 198 1357 Ι.
224 1295 313 1376 Osa'po
330 1295 473 1378 sertorem
496 1295 668 1358 innotescit
683 1311 721 1357 ex
742 1309 854 1356 eorum
873 1293 1061 1372 antiquitate
1083 1279 1115 1356 et

131 1395 209 1456 fine.

177 1495 206 1554 l.
228 1490 360 1552 illorum
384 1491 560 1572 onta'qan'loa,
579 1490 673 1569 Apud
694 1489 884 1550 christianos
904 1488 971 1568 jam
984 1486 1059 1550 inde
1075 1485 1115 1548 ab

130 1590 361 1671 Apostolorum
377 1594 471 1650 aetate
490 1588 625 1651 instituti
649 1591 723 1648 sunt
736 1587 803 1648 dies
818 1587 901 1649 sesti.
917 1585 1115 1664 Antiquitate

128 1693 267 1752 caeteros
280 1687 411 1750 vincunt
429 1686 674 1761 diesdominici,
696 1685 826 1760 Pascha,
847 1684 1013 1756 Ascensio,
1034 1684 1117 1745 Pen-

85 1836 97 1856 λ
129 1789 281 1847 tecostes.
323 1783 533 1845 Postmodum
576 1787 778 1846 accesserunt
801 1781 951 1845 Nativitas
984 1779 1112 1856 Christi,

81 1867 84 1879 ¹
130 1885 213 1946 leste
238 1883 274 1944 Β.
307 1881 414 1946 Maria
439 1881 595 1962 Virginis,
630 1881 847 1944 solemnitates
874 1880 1113 1960 Apostolorum,

132 1981 317 2061 Martyrum,
335 1981 569 2055 consessorum,
588 1980 723 2060 aliaeque
740 1980 931 2058 complures.
1102 1973 1105 1987 ⁴

173 2083 203 2142 2.
221 2076 306 2140 Fabia
317 2078 411 2158 hujus
432 2078 639 2140 institutionis
654 2085 700 2140 est
719 2079 768 2140 vel
793 2077 973 2139 communis
988 2079 1037 2140 vel
1061 2093 1117 2158 pe»

132 2175 276 2238 cultoris.
293 2173 480 2237 Communem
497 2176 594 2240 tinem
609 2175 785 2255 designant,
804 2177 880 2236 dum
895 2180 1039 2238 asserunt
1053 2175 1117 2236 tes-

130 2274 270 2336 tivitates
293 2274 453 2337 institutas
471 2289 538 2336 esse
555 2271 595 2336 ad
609 2275 814 2362 recolendam
830 2274 1020 2337 memoriam
1032 2269 1114 2336 divi-

129 2389 249 2434 norum
258 2372 499 2448 beneficiorum,
514 2375 557 2433 ad*
568 2371 689 2434 cultum
700 2374 765 2434 Deo
777 2374 1005 2451 praestandum,
1018 2378 1114 2452 atque

132 2473 173 2534 ad
188 2476 334 2534 nostrum
347 2471 510 2533 solatium.

174 2566 316 2628 Infinem
331 2563 542 2646 particularem
556 2553 741 2627 lestisitates
758 2566 947 2628 Sanctorum
962 2565 1115 2630 instituta

132 2669 218 2736 sunt,
236 2663 300 2725 sive
316 2667 350 2725 ut
363 2665 429 2724 Deo
440 2660 539 2742 gloria
552 2663 647 2724 detur
657 2663 698 2724 ob
710 2662 875 2726 victoriam
887 2663 1003 2726 Christi
1015 2663 1117 2741 gratia

132 2763 279 2837 relatam,
297 2761 407 2823 siveut
430 2761 742 2837 Sanctorumlandes
763 2762 973 2829 celebremus,
994 2761 1116 2822 cultum

132 2874 389 2940 promoveamus,
406 2857 469 2920 sive
483 2861 517 2919 ut
537 2857 583 2918 illi
599 2869 656 2918 nos
670 2858 850 2919 interventu
865 2874 923 2918 suo
937 2860 1114 2936 protegant,

134 2957 198 3020 sive
214 2961 249 3018 ut
260 2955 412 3036 exemplis
422 2955 462 3014 ad
479 2971 591 3023 eorum
603 2953 816 3015 imitationem
829 2953 1054 3015 accendamur.

143 3051 146 3058 ’
176 3057 214 3119 11.
237 3055 332 3117 Vorioe
343 3054 449 3136 species
467 3052 618 3134 festorum.
634 3083 674 3100 -
687 3054 716 3112 l.
733 3049 805 3115 Dies
818 3051 889 3112 festi
905 3056 978 3113 sunt
993 3050 1040 3112 vel
1056 3071 1117 3112 mo·

126 3153 214 3230 'hilca
235 3154 284 3214 vel
310 3150 483 3215 immobiles.
511 3148 645 3212 Mobiles
661 3149 820 3222 dicuntur,
839 3147 893 3225 qui
915 3166 980 3210 non
1001 3151 1117 3212 eodem

134 3251 187 3314 die
212 3251 323 3331 quovis
349 3267 432 3311 anno
464 3247 685 3322 celebrantur,
712 3245 905 3322 immobiles,
936 3247 991 3327 qui
1021 3247 1116 3310 certis

134 3366 262 3429 semper
281 3347 393 3410 diebus
407 3347 552 3422 haerent,
568 3364 595 3407 v.
623 3363 652 3426 g.
669 3344 786 3406 Natalis
805 3345 946 3420 Domini,
974 3344 1117 3410 Circum·

132 3446 224 3508 cisic.
315 3497 318 3504 .
374 3475 377 3482 ·
985 3423 1033 3516 Χ,

173 3545 304 3607 Diemm
322 3543 477 3606 festorum
493 3539 663 3602 mobilium
673 3539 902 3602 celeberrimus
920 3545 967 3603 est
982 3539 1119 3604 Pascha·

77 3651 79 3656 ’
133 3637 186 3714 lis,
205 3656 302 3720 aquo
319 3654 431 3700 omnes
450 3635 564 3716 reliqui
580 3633 716 3697 mobiles
730 3636 884 3724 pendent.
900 3635 1020 3697 Pascha
1031 3639 1117 3696 ante·

600 3747 602 3752 ,
889 3757 891 3762 ,
968 3749 993 3795 6·
