2590 4262
194 237 247 284 974
360 233 517 281 exeostxm
538 231 719 278 uuruonlcs
739 232 823 277 JURIS
845 231 1000 276 certorum.

235 358 263 415 r.
279 348 719 432 Reputoedemterdtctotocoti.
734 348 1032 423 remunerarem
1046 347 1185 410 diocesi
1283 329 1284 414 ἶ

195 452 243 513 vel
268 449 404 521 civitate,
428 465 539 509 omnes
564 447 650 508 illius
675 451 781 526 partes
805 446 1054 522 interdicuntur,
1080 447 1184 508 etiam
1283 481 1284 504 s

196 547 330 610 ecclesia
374 542 573 607 cathedralis.
608 542 781 604 Interdicta
819 543 954 602 ecclesia
993 542 1180 623 principaii,
1283 543 1284 636 ᾗ

197 645 294 706 etiam
311 643 545 705 interdicuntur
565 641 696 718 capellae
714 639 800 701 iilius
822 643 854 700 et
869 639 1103 701 coemeterium.
1125 643 1182 701 ln·
1283 639 1284 642 ’

197 740 332 803 terdicta
345 738 481 813 civitate,
499 736 595 800 etiam
608 736 842 797 interdicuntur
857 735 1023 800 suburbia.

235 849 379 925 Secundo,
395 849 603 910 interdictum
621 847 768 924 generale
787 847 888 909 locale
906 853 1055 909 tenentur
1070 847 1185 910 obser·
1283 907 1284 932 i

198 964 269 1008 vare
288 949 465 1022 saeculares,
487 952 519 1008 et
537 946 696 1026 regulares
715 942 810 1006 etiam
833 947 987 1024 exempti,
1010 947 1129 1008 ineolae
1153 951 1185 1008 et

200 1045 310 1107 exteri.
861 1063 865 1066 ·

239 1155 347 1230 Tertio,
366 1155 573 1216 interdictum
594 1153 695 1215 locale
717 1170 844 1231 semper
864 1171 973 1215 secum
995 1155 1057 1215 sert
1080 1157 1183 1218 inter·
1283 1169 1284 1192 ³

200 1253 322 1314 dictum
336 1253 502 1332 personale
520 1252 659 1326 illorum,
677 1251 731 1329 qui
750 1267 876 1312 causam
893 1268 1035 1314 censurae
1051 1271 1112 1332 per
1129 1255 1184 1316 de·
1283 1299 1284 1302 ,

199 1351 311 1414 lictum
327 1351 494 1412 dederunt.
1283 1427 1284 1452 Χ

237 1466 267 1526 2.
291 1461 413 1540 nequeo
434 1458 469 1519 de
491 1454 623 1538 pennati
643 1458 798 1520 tirterdicto
816 1459 973 1540 personali.
992 1459 1112 1537 Primo,
1129 1462 1183 1522 in·
1283 1529 1284 1532 Ἴ

197 1560 333 1622 terdicta
367 1556 606 1631 communitate,
637 1575 666 1618 v.
696 1575 726 1636 g.
763 1557 901 1632 civitate,
940 1557 1183 1622 interdicuntur

133 1647 136 1650 ⁴
199 1673 308 1718 omnes
335 1653 419 1713 illius
446 1671 604 1732 persone,
640 1655 736 1717 etiam
770 1655 939 1727 absentes}
967 1673 1035 1716 non
1071 1661 1182 1718 tamen
1283 1647 1284 1684 ³

200 1750 309 1827 exteri,
325 1751 496 1831 peregrini,
513 1752 660 1827 studiosi,
679 1757 883 1814 mercatores.

238 1860 380 1935 Secundo,
402 1861 574 1923 interdicto
591 1862 722 1942 populo,
746 1863 851 1923 clerus
872 1880 938 1923 non
960 1868 1110 1926 censetur
1128 1865 1181 1926 in-

198 1959 362 2021 terdictus.
384 1959 561 2021 Interdicto
587 1961 693 2034 clero,
716 1977 782 2022 non
804 1960 1006 2023 interdicitur
1026 1963 1176 2042 populus,

202 2072 304 2136 neque
319 2056 463 2132 ecclesia,
481 2073 584 2135 neque
599 2057 787 2136 Episcopus,
802 2057 863 2118 nisi
879 2058 1083 2136 exprimatur.

244 2167 350 2241 Tertso,
373 2167 543 2244 Regulares
562 2166 807 2242 interdicuntur,
830 2168 856 2228 si
875 2169 1067 2247 generaliter
1084 2172 1179 2234 inter·

200 2263 346 2326 dicantur
365 2280 510 2342 personae
529 2264 774 2338 ecclesiasticae3
800 2265 886 2326 clero
910 2267 1093 2344 interdicte,
1116 2286 1178 2334 non
1283 2303 1284 2366 p

200 2361 360 2422 interdicti
383 2365 562 2435 censentur,
586 2378 662 2425 nam
684 2361 718 2421 in
740 2361 859 2423 odiosis
881 2381 947 2424 non
969 2365 1101 2427 veniunt
1121 2383 1176 2428 no·

200 2460 286 2520 mine
303 2457 492 2520 clericorum
508 2455 562 2535 (d).

457 2668 479 2714 2.
491 2665 581 2716 Modus
592 2665 686 2715 serendi
700 2666 863 2718 interdictum
874 2669 913 2730 (2).

238 2837 262 2896 Ι.
281 2834 413 2896 Potestas
425 2832 615 2894 interdicendi
625 2833 781 2913 competit
795 2836 835 2911 ei,
853 2835 908 2914 qui
917 2837 1172 2916 jurisdictionem
1238 2894 1240 2902 .

199 2929 231 2990 in
250 2931 320 2991 soro
339 2936 468 2992 externo
486 2932 623 2991 exercet.
641 2929 839 3010 Regulariter
856 2931 1019 2996 interdicit
1037 2933 1102 3010 ille,
1122 2933 1173 3012 qui

199 3028 388 3089 sententiam
415 3025 753 3090 excommunicationis
785 3034 817 3092 et
850 3030 1069 3108 suspensionis
1096 3031 1174 3093 ferre

200 3129 316 3202 potest.

239 3234 276 3293 ln
285 3233 391 3312 specie
403 3234 594 3298 interdicere
605 3239 737 3314 possunt
750 3235 899 3297 Summus
909 3236 1057 3300 Pontifex
1068 3243 1100 3301 et
1111 3240 1173 3318 eJ'us

200 3331 331 3410 legatus,
353 3333 528 3413 Episcopus
545 3338 576 3396 et
600 3333 775 3412 capitulum
792 3335 868 3396 sede
887 3340 1029 3398 vacante.
1049 3335 1172 3400 Praelati

230 3489 264 3554 (1)
280 3491 508 3555 schmalzgrueber,
523 3494 568 3542 lus
581 3493 783 3556 ecclesiasticum,
794 3493 837 3544 lib.
852 3493 881 3552 V,
894 3494 934 3544 tit.
947 3507 1035 3557 xxxix,
1050 3495 1065 3560 5
1079 3498 1103 3547 5.

230 3569 372 3635 (timenti,
382 3571 573 3624 institutionum
588 3575 827 3636 canonicarumdib.
844 3573 886 3636 IV,
897 3573 936 3624 tit.
954 3588 1005 3628 ιιι.
