2594 4286
203 231 240 284 Η
372 231 528 282 exeoslrto
549 223 731 287 ME'FHODIEA·
744 232 827 280 tuuts
839 233 1005 283 'canumet

228 411 231 418 Ι
273 443 288 507 ᾗ
304 441 329 494 2.
346 469 376 479 -
392 405 536 494 Institutio
549 445 639 496 status
650 442 777 508 religiosi
786 443 895 495 ratione
909 441 1044 512 temporis
1058 447 1101 508 (t).

241 602 269 663 Ι.
293 599 407 679 Repulo
421 601 460 667 ad
470 600 720 678 dignoscendum
736 605 844 670 utrum
852 599 1178 680 prioribuslloclesiae

202 697 327 760 saeoulis
340 698 501 760 extiterint
512 699 576 782 veri
589 699 741 778 religiosi.

171 781 176 788 ’
243 800 274 857 10
297 795 507 874 Distinguitur
520 796 658 875 religiosi
676 785 778 858 ¹status
802 795 957 876 professio
975 814 1122 876 expressa
1147 803 1179 861 et

202 893 307 956 tacita.
324 893 477 974 Errpressu
490 894 607 956 dieitur
619 895 746 972 quando
760 894 947 973 religionem
964 897 1126 973 profitens,
1145 897 1179 956 id

202 991 306 1052 serbis
336 992 489 1067 enuntiat,
519 992 712 1070 proferendo
741 991 910 1052 formulam
933 991 1069 1070 triplicis
1098 993 1175 1054 voti.

204 1088 303 1148 Tacita
317 1090 472 1168 professio
493 1093 632 1165 vocatur,
648 1089 775 1167 quando
789 1089 941 1168 profitens
961 1107 1049 1150 suam
1071 1091 1180 1151 volun-

201 1188 300 1246 tatem
310 1184 412 1245 verbis
422 1201 485 1244 non
498 1183 657 1261 exprimit,
677 1183 783 1262 aliquo
796 1189 902 1244 tamen
915 1189 1046 1254 externo
1060 1188 1091 1245 et
1104 1200 1180 1245 eon-

201 1285 292 1341 sueto
304 1281 394 1360 signo
410 1281 602 1356 sufficienter
613 1280 774 1358 patefacit,
789 1299 820 1341 v.
839 1298 869 1359 g.
886 1281 1071 1358 religiosum
1089 1279 1181 1342 hahi-

200 1382 271 1438 tum
285 1379 486 1440 assumendo.
504 1381 549 1440 Ex
562 1378 899 1450 sententiaoommuni,
915 1377 1071 1457 professio
1080 1379 1180 1440 tacita

201 1475 347 1536 sufficere
368 1480 486 1554 potest3
505 1477 601 1554 igitur
623 1493 660 1537 ex
676 1493 713 1536 eo
734 1475 999 1554 quod-prioribus
1025 1476 1178 1537 Ecclesiae

202 1574 325 1634 saeoulis
337 1591 402 1635 non
417 1575 594 1652 reperiatur
608 1591 682 1633 usus
702 1589 858 1650 expressae
878 1572 1097 1652 professionis,
1115 1573 1179 1634 mi-

200 1671 287 1731 nime
302 1670 443 1749 sequitur
458 1688 496 1732 eo
510 1678 655 1750 tempore
672 1671 837 1747 religiosos
851 1671 971 1732 deesse.

241 1773 273 1830 2⁰
291 1769 603 1830 Vitaoommunised
615 1775 731 1830 statum
749 1769 934 1848 religiosum
951 1769 1100 1846 pertinet,
1111 1787 1179 1830 non

106 1850 112 1862 '
201 1880 240 1924 ex
256 1867 367 1926 natura
387 1861 471 1922 illius
499 1867 609 1938 status,
635 1880 711 1923 nam
729 1862 791 1922 vita
811 1862 951 1924 solitarie
973 1867 1079 1941 potest
1108 1879 1178 1924 esse

201 1967 299 2023 status
314 1960 529 2038 perfectionis,
552 1961 606 2021 sed
621 1977 659 2021 ex
672 1961 795 2040 legibus
808 1961 960 2022 Ecclesiae
971 1978 1041 2038 quse
1051 1962 1180 2041 jamdu-

201 2061 278 2121 dum
298 2077 363 2121 non
391 2061 471 2120 solet
494 2060 589 2121 vitam
614 2061 788 2122 solitariam
804 2060 993 2139 approbare.
1017 2062 1117 2138 igitur
1140 2077 1180 2122 ex

201 2176 239 2220 eo
261 2160 346 2236 quod
359 2157 520 2238 prioribus
532 2157 684 2218 Eoolesiae
704 2159 827 2219 saeeulis
841 2175 905 2218 non
924 2159 1100 2238 reperiatur
1114 2158 1180 2221 vita

200 2256 392 2330 eommunis,
422 2255 602 2334 negandum
626 2272 690 2316 non
717 2261 764 2317 est
786 2273 824 2316 eo
847 2261 991 2334 tempore
1012 2256 1177 2335 religiosos

201 2353 310 2415 fuisse.

241 2454 273 2512 3⁰
288 2452 543 2530 Negandumnon
558 2455 604 2512 est
622 2450 782 2530 prioribus
793 2451 919 2513 saeoulis
935 2453 1092 2515 exstitisse
1104 2452 1179 2515 reli-

201 2551 364 2630 giosor,ex
377 2550 510 2628 eoquod
525 2555 601 2610 tuno
615 2567 680 2609 non
691 2549 869 2610 exstiterint
883 2550 1059 2612 Goenobitae
1072 2568 1178 2630 neque

202 2646 431 2721 Anaohoretae3
457 2663 530 2706 nam
550 2652 723 2725 potuerunt
744 2647 884 2726 religiosi
905 2648 1001 2709 vitam
1025 2647 1178 2728 privatam

200 2762 295 2824 agere
306 2745 339 2805 in
357 2744 489 2805 urbibus
503 2744 644 2821 atquein
654 2743 792 2823 propriis
805 2745 937 2805 aedibus.

239 2847 272 2904 40
285 2843 461 2922 Religiosos
477 2841 637 2922 prioribus
653 2842 852 2921 temporibus
872 2842 1028 2904 exstitisse
1055 2846 1182 2904 consta·

200 2940 258 3015 bit,
272 2941 298 3000 si
307 2940 544 3019 probeturtuno
557 2939 713 3000 exstitisse
728 2940 886 3016 homines,
899 2941 953 3020 qui
968 2941 1085 3020 triplex
1102 2957 1182 3002 con-

201 3040 308 3101 silium
326 3038 543 3116 evangelicum
570 3044 716 3099 voventes
731 3056 763 3099 se
779 3041 845 3100 Deo
867 3037 1051 3114 dicaverint,
1070 3038 1179 3116 aliquo

199 3143 396 3215 acceptante,
412 3136 543 3198 nomine
558 3136 625 3209 Dei,
641 3136 849 3197 traditionem
865 3153 987 3197 eorum.

240 3235 278 3294 ΙΙ.
300 3232 391 3294 l'ariis
400 3233 577 3312 argumentis
589 3232 744 3308 evincitur,
762 3232 856 3294 tribus
863 3231 1012 3313 prioribus
1025 3233 1138 3293 surculis
1152 3242 1182 3294 et

200 3327 237 3392 ab
251 3330 320 3412 ipsis
337 3329 544 3411 Apostolorum
559 3329 736 3411 tenporibus
754 3329 902 3410 religiosos
915 3329 1068 3390 exstitisse.

231 3505 267 3574 (l)
276 3503 362 3561 Bottix,
372 3503 404 3553 de
414 3501 587 3568 nequioribus,
599 3509 661 3554 sart.
673 3501 717 3554 lv.
735 3528 763 3538 -
774 3501 902 3565 ltlabillou,
912 3502 972 3552 Arta
982 3501 1080 3555 ordinis
1091 3499 1118 3554 S.
1131 3502 1179 3552 Be·

197 3588 301 3638 nedictt.
316 3614 345 3624 -
357 3587 478 3648 Martem,
493 3584 682 3636 commemoria
693 3583 719 3634 in
730 3583 849 3646 Regulum
862 3580 1042 3637 &Benedicent
