2590 4262
397 236 401 242 '
454 251 529 296 raas
551 250 716 297 saucians.
1020 252 1070 300 arr

134 369 163 428 3.
181 366 355 428 Sententiae
372 385 443 444 quae
456 367 658 428 manifestam
679 367 880 446 iniquitatem
895 369 1070 445 continent,

90 484 124 527 v.
141 483 169 544 g.
193 465 350 526 sententia
373 483 410 526 ex
427 466 513 526 salsis
536 466 727 528 testimoniis
751 467 970 544 pronuntiata3
995 468 1073 530 item

90 561 260 624 sententiaa
278 580 349 639 quae
364 562 531 624 insanabili
547 563 692 626 nullitate
709 562 866 642 laborant,
886 564 960 642 quia
979 565 1072 626 dictae

90 664 170 720 sunt
188 659 269 721 vela
283 659 391 738 judice
404 678 469 722 non
483 665 696 739 competente,
714 660 762 722 vel
775 678 840 722 non
856 667 978 724 servato
998 662 1073 724 sub·

90 755 234 818 stantiali
250 757 360 818 ordine
374 775 551 835 processus.

137 855 189 916 III.
204 855 338 916 Effectus
348 856 738 934 reijudicataerespiciunt
746 857 900 936 Judicem,
911 857 1072 938 litigantes

98 956 133 1014 et
146 953 246 1032 ipsam
260 971 398 1015 causam.

135 1055 164 1113 l.
180 1053 225 1112 Ex
236 1057 327 1130 parte
338 1051 467 1130 judicis,
482 1051 528 1114 vis
546 1052 592 1114 rei
612 1051 763 1130 judieatae
790 1051 965 1131 generatim
979 1051 1013 1112 in
1034 1069 1072 1114 eo

93 1149 156 1210 sita
168 1152 226 1223 est,
243 1155 280 1210 ut
294 1149 448 1211 sententia
463 1150 649 1229 regulariter
662 1150 802 1212 revocari
813 1155 949 1228 nequeat
962 1150 1001 1211 ab
1016 1166 1072 1212 eo·
1100 1198 1103 1206 .

95 1247 171 1308 dem
185 1245 305 1325 judice.
386 1275 388 1283 ·

134 1345 164 1405 2.
182 1346 243 1404 Res
254 1343 395 1422 judicata
405 1342 480 1404 lacit
487 1341 537 1424 jus
545 1331 812 1422 interlitigantcs;
824 1343 941 1405 etenim
953 1343 1014 1404 nisi
1026 1343 1071 1403 in-

95 1449 147 1504 tra
157 1441 271 1503 decem
282 1441 346 1502 dies
355 1440 549 1519 appellatum
559 1441 665 1517 luerit,
678 1441 842 1502 sententiae
855 1441 1004 1502 standum
1013 1445 1069 1502 est.

137 1541 168 1600 3.
189 1540 236 1599 Ex
250 1544 336 1616 parte
349 1556 462 1613 causae,
485 1539 524 1598 lis
539 1538 649 1600 finitur
665 1556 722 1617 per
734 1531 923 1610 sententiam
938 1537 1073 1600 definiti-

96 1653 182 1698 vam.
204 1637 269 1696 Reo
281 1635 422 1696 absoluto
438 1636 593 1713 competit
612 1637 757 1714 exceptio
774 1637 820 1697 rei
829 1637 990 1715 judicatae.
1007 1638 1072 1697 Reo

95 1733 310 1795 condemnato
321 1732 475 1794 sententia
488 1733 648 1795 definitiva
663 1733 696 1794 in
711 1734 835 1796 delictis
848 1735 978 1796 famosis
990 1733 1073 1795 irro-

96 1833 151 1908 gat
164 1828 329 1890 infamiam
341 1829 430 1908 juris.

360 2053 383 2102 l.
401 2054 437 2102 De
457 2052 602 2102 executione
613 2051 743 2102 sententie
759 2049 805 2114 (1).

140 2218 313 2293 Sententia,
330 2224 500 2298 postquam
518 2219 552 2279 in
573 2235 641 2280 rem
652 2218 827 2297 judicatam
841 2218 946 2292 abivit,
963 2233 1072 2278 execu-

98 2316 182 2379 tioni
203 2317 383 2376 mandanda
408 2321 464 2391 est,
486 2333 559 2377 cum
584 2333 698 2377 vanum
717 2317 756 2378 sit
778 2315 948 2377 sententias
967 2315 1072 2392 dicere

96 2414 159 2475 nisi
174 2414 351 2476 executioni
378 2415 620 2476 demandentur.
650 2415 803 2476 Executio
827 2413 975 2475 delinitur
992 2419 1074 2473 ortus

88 2510 253 2592 judicialis,
267 2531 324 2592 qao
334 2512 453 2572 realiter
461 2520 626 2592 praestatur
635 2510 674 2588 id,
689 2511 768 2593 quod
781 2511 935 2573 verbaliter
944 2527 1001 2590 per
1013 2528 1074 2570 serr-

98 2608 217 2669 tente'am
231 2609 440 2687 adjudicatur.

137 2708 162 2769 Ι.
179 2705 207 2766 Α
226 2723 286 2786 quo
305 2705 376 2787 fieri
395 2705 519 2768 debeat?
541 2739 580 2754 -
602 2707 798 2770 Sententiam
822 2702 986 2783 exequitur
1007 2703 1076 2780 ipsc'

95 2803 205 2882 judex,
225 2801 279 2882 qui
294 2819 363 2863 eam
382 2804 470 2879 dixit,
492 2807 588 2866 modo
607 2807 734 2883 plenam
750 2803 1006 2884 jurisdictionem
1020 2799 1076 2860 ha-

98 2900 183 2963 beat.
202 2901 293 2961 ltatio
310 2905 368 2976 est,
388 2901 460 2980 quia
476 2921 532 2981 per
551 2903 772 2964 executionem
791 2899 892 2960 vietus
906 2899 945 2958 ad
961 2913 1075 2976 paren-

98 2997 176 3056 dum
194 2995 358 3058 sententiae
382 2996 524 3074 cogitur;
544 3015 637 3059 nemo
652 3003 758 3059 autem
776 2996 843 3057 sine
854 2991 1075 3078 jurisdictione

97 3091 238 3172 aliquem
262 3111 374 3172 cogere
398 3099 516 3173 potest.
540 3093 619 3156 Hine
645 3095 745 3180 judex
768 3093 956 3167 ordinarius,
981 3095 1076 3169 atque

95 3190 196 3268 judex
207 3206 226 3270 a
238 3191 531 3253 SummoPontidce
542 3192 702 3270 delegatus
715 3187 904 3252 sententiam
916 3206 1004 3250 suam
1016 3187 1076 3268 ipsi

99 3293 316 3367 exequuntur;
337 3289 436 3368 judex
457 3303 531 3350 vero
546 3287 664 3351 arbiter
679 3289 728 3350 vel
743 3288 849 3350 caeteri
862 3286 997 3368 delegati
1011 3303 1076 3348 non

98 3386 218 3450 habent
229 3386 280 3466 jus
296 3385 483 3465 exequendi.

130 3575 165 3637 (l)
175 3574 404 3636 Schmalzgrueber,
416 3574 461 3623 lus
473 3573 676 3638 ecclesiasticum,
692 3573 733 3626 lib.
752 3573 783 3636 ΙΙ,
796 3572 835 3623 tit.
848 3585 927 3622 xxvia
