2604 4264
236 302 269 350 86
401 304 559 352 oxeosmlo
581 305 757 352 darnouwe
778 305 861 351 JURIS
884 303 1039 352 canonici.

272 422 371 502 Igitur
383 424 629 486 sacramentalia
640 427 811 506 operantur
824 440 862 485 ex
871 422 900 485 vi
913 422 1130 503 impetratoria
1143 442 1218 504 pre·

233 513 306 580 oum
324 522 485 585 Ecclesia.
503 520 660 583 Nimirum
674 521 817 583 Ecclesia
843 521 908 582 suis
932 519 1215 584 benedictionibus

232 634 251 678 a
267 619 332 680 Deo
352 620 500 698 postulat,
526 624 562 682 ut
581 618 636 699 qui
652 618 940 682 sacramentalibus
956 619 1009 698 pie
1031 620 1218 682 etfldeliter

234 717 283 777 usi
310 716 437 792 fuerint,
460 719 609 779 ellectum
633 716 834 795 designatum
859 722 1108 796 consequantur.
1135 719 1217 778 Cum

235 813 377 878 Christus
392 815 566 878 Ecclesiam
584 829 709 875 summo
733 817 944 893 prosequatur
961 832 1081 889 amore,
1100 816 1217 877 oratio·

233 931 290 974 nes
314 913 464 975 Ecclesia
489 913 663 992 plurimum
677 914 779 974 valent
797 913 836 973 ad
854 911 1107 992 impetrandum.
1125 916 1216 976 Atta-

229 1027 309 1071 men
329 1012 460 1072 ellectus
483 1028 547 1072 non
570 1016 618 1072 est
636 1009 824 1085 infallibilis,
842 1011 916 1090 quia
938 1027 1003 1071 non
1017 1012 1171 1072 fundatur
1185 1012 1218 1072 in

234 1107 363 1187 speciali
385 1106 441 1168 Dei
459 1106 682 1185 promissione,
707 1107 762 1170 sed
782 1105 814 1167 in
839 1108 1003 1168 communi
1020 1109 1091 1188 lege
1105 1114 1138 1170 et
1151 1109 1184 1169 el
1207 1141 1218 1156 ·

238 1205 325 1266 cacia
339 1204 504 1267 orationis.

274 1305 305 1363 3.
320 1303 397 1364 Inde
412 1302 575 1382 colligitur
597 1303 723 1377 modus,
738 1320 801 1382 quo
825 1301 940 1382 singuli
960 1303 1088 1364 allectus
1103 1303 1219 1364 Sacra·

234 1399 421 1462 mentalium
442 1399 670 1479 producantur.
697 1400 745 1461 Ad
765 1400 898 1480 primone
916 1401 1001 1479 quod
1016 1400 1142 1476 attinet,
1165 1417 1220 1462 oc-

234 1497 360 1560 casione
377 1497 599 1576 applicationis
614 1497 911 1573 Sacramentalium,
928 1499 1010 1558 Deus
1029 1497 1097 1576 ipse
1112 1503 1219 1560 motus

235 1596 345 1674 gratiae
364 1594 497 1656 actualis
513 1594 644 1669 excitat3
671 1594 710 1654 ad
737 1594 770 1654 id
796 1601 904 1656 antem
918 1595 1151 1658 determinatur
1163 1613 1220 1675 per

237 1707 347 1772 preces
361 1691 526 1754 Ecclesia.

273 1787 427 1862 Secundo,
444 1788 692 1850 sacramentalia
714 1788 883 1850 remittunt
908 1793 1039 1868 peccata
1059 1789 1215 1867 venialia,

237 1890 391 1965 quatenus
405 1902 442 1946 ex
456 1885 608 1947 Ecclesiae
622 1884 770 1964 precihus
784 1887 867 1947 Deus
881 1891 1026 1948 movetur
1040 1891 1086 1961 ut,
1104 1885 1218 1948 Sacra·
1288 1907 1289 1914 ¹

235 1981 421 2044 mentalium
446 1981 622 2058 occasione,
645 1983 679 2042 in
696 1982 881 2045 hominibus
901 1985 1058 2062 producat
1083 1981 1217 2062 disposi-

234 2079 337 2142 tiones
350 2079 464 2158 quihus
479 2084 611 2158 peccata
624 2079 798 2141 diluuntur.

277 2177 391 2238 Tertius
412 2178 554 2256 ellectuS,
577 2193 694 2256 nempe
712 2177 897 2264 temporalis
923 2195 1025 2257 poenae
1047 2178 1212 2253 relaxatio,
1287 2185 1288 2200 ¹

235 2275 424 2356 quibusdam
436 2274 722 2337 Sacramentalibus
736 2277 867 2350 adnexa,
878 2273 1065 2356 producitur
1079 2291 1137 2354 per
1150 2293 1214 2336 mo·

237 2375 311 2435 dum
326 2371 545 2452 indulgentiae.
781 2436 784 2442 ,

277 2470 399 2545 Quarto,
420 2468 571 2545 Ecclesia,
588 2488 626 2532 ex
649 2469 778 2548 speciali
793 2474 948 2549 potestate
972 2469 1032 2550 ipsi
1052 2487 1070 2529 a
1090 2468 1215 2532 Christo

235 2569 308 2630 data
330 2567 361 2629 in
381 2568 555 2644 daemones,
573 2570 613 2629 ad
635 2585 689 2630 eos
705 2569 907 2648 expellendos
924 2566 1215 2630 sacramentalibus
1286 2601 1287 2628 l

235 2665 349 2728 utitur.
374 2667 511 2728 Effectus
525 2683 676 2727 veronen
694 2671 740 2726 est
758 2665 948 2728 infallibilis.

277 2763 401 2839 Quintus
421 2765 568 2839 effectus,
593 2761 647 2843 qui
679 2764 850 2826 commoda
874 2762 995 2825 ordinis
1027 2764 1214 2844 temporalis

235 2859 568 2940 spectat„generatim
592 2862 781 2940 producitur
808 2878 867 2939 per
900 2861 1035 2922 modum
1065 2859 1214 2940 impetra-

235 2956 340 3020 tionis.

587 3128 807 3185 ARTICULUS
827 3129 857 3184 11

538 3295 577 3334 DE
598 3293 904 3336 BENEDICTIONIBUS.

275 3452 492 3518 Communiter
511 3461 737 3518 enumerantur
751 3473 804 3518 sex
818 3456 867 3518 vel
888 3461 1012 3537 septem
1028 3457 1217 3521 sacramen·
1284 3431 1285 3473 ¹

169 3575 173 3580 ·
235 3550 323 3630 talia,
339 3567 465 3632 nempe,
478 3557 596 3632 praeter
606 3554 731 3634 signum
744 3553 849 3618 crucis
864 3573 871 3616 :
