2618 4252
465 305 537 349 mas
558 278 722 348 sracraar's.

240 521 354 578 Qunsrro
370 524 403 568 2³.
422 545 448 554 -
462 520 499 570 Da
509 530 612 568 urricus
626 518 720 568 &aros
732 529 795 566 aaut
806 521 952 567 Eunaeum.

142 693 167 742 l.
188 686 287 744 Officia
302 685 435 756 negativa
447 685 540 741 Status
556 701 625 756 erga
636 684 819 754 religionem.

139 779 167 830 2.
191 773 289 830 Officia
302 772 424 844 positiva
434 774 528 829 Status
542 787 611 842 erga
623 771 794 828 Ecclesiam.

299 983 321 1029 1.
334 979 422 1030 Officia
435 978 551 1041 negativa
561 979 646 1028 Status
659 991 719 1040 erga
729 977 883 1038 religionem.

147 1156 170 1215 l.
180 1153 309 1214 Societas
318 1153 422 1230 ciuilis,
430 1152 519 1234 finem
529 1172 613 1212 suum
621 1150 828 1232 prosequendo,
841 1150 1003 1212 Ecclesiam
1015 1150 1083 1211 iosi-

104 1249 350 1330 goiterodjuoot.

149 1350 177 1407 l.
194 1349 275 1408 Dum
297 1351 435 1425 potestas
459 1345 558 1407 civilis
579 1344 701 1422 legibus
723 1348 755 1405 et
774 1344 875 1422 poenis
897 1346 1015 1405 scelera
1035 1345 1084 1406 vel

108 1443 245 1522 im‘pedit
258 1444 307 1504 vel
324 1443 482 1523 reprimit,
500 1459 627 1504 morum
641 1447 803 1504 externam
819 1440 998 1504 decentiam
1013 1457 1087 1519 pro·

109 1544 227 1616 movet,
241 1539 378 1618 ideoque
391 1541 473 1602 cives
485 1540 524 1599 ad
538 1556 645 1601 veram
657 1539 856 1601 honestatem
870 1543 1038 1617 praeparat.

148 1643 179 1700 2.
197 1639 244 1697 Ex
259 1653 295 1699 eo
309 1640 395 1716 quod
410 1642 549 1716 potestas
570 1636 683 1714 civilia,
702 1637 901 1715 impietatem
920 1642 951 1696 et
966 1635 1087 1697 uiolen-

110 1735 189 1795 tiam
202 1735 366 1795 hominum
379 1733 593 1814 reprimendo,
607 1734 733 1794 fraudes
746 1738 776 1794 et
788 1733 896 1794 turbas
908 1735 1087 1794 asocietate

110 1837 227 1908 arceat,
239 1838 442 1894 removentur
455 1831 618 1894 obstacula
631 1831 745 1911 quihus
758 1829 899 1891 Ecclesia
914 1830 1090 1909 impeditur

112 1931 145 1991 in
163 1932 341 1992 exercendo
367 1947 498 1991 munere
527 1929 588 1991 sibi
614 1928 764 1990 divinitus
790 1927 975 1988 commisso.
1003 1927 1086 1988 Nihil

109 2028 196 2089 enim
210 2029 310 2107 magis
324 2027 414 2088 obest
428 2025 576 2106 religioni
599 2032 630 2089 et
649 2025 796 2105 regimini
812 2023 973 2104 pastorali,
994 2042 1089 2104 quam

112 2123 228 2186 civium
242 2125 474 2186 commotiones
495 2129 526 2186 et
544 2123 628 2184 bella
646 2124 710 2186 sive
730 2129 837 2187 extera
851 2121 914 2184 sive
928 2122 1086 2186 intestina.

112 2225 186 2286 Haec
197 2229 245 2286 est
257 2223 418 2302 praecipua
433 2223 524 2295 ratio,
540 2226 672 2300 propter
687 2239 782 2300 quam
795 2223 965 2300 Apostolus
978 2239 1090 2302 preces

112 2340 171 2399 pro
186 2320 390 2400 regnantibus
405 2320 474 2381 fieri
484 2319 587 2399 jubet,
602 2335 718 2398 nempe
736 2339 749 2376 u
763 2324 798 2381 ut
812 2320 950 2398 quietam
964 2325 995 2382 et
1006 2325 1091 2382 tran-

113 2419 244 2498 quillam
258 2420 353 2480 vitam
369 2436 499 2497 agamus
515 2416 568 2498 (l).
586 2438 601 2474 a
1088 2497 1090 2502 Ι

153 2517 190 2578 II.
213 2515 362 2577 Potestoti
382 2515 464 2576 civili
484 2533 541 2575 aon
561 2514 698 2594 competit
712 2513 767 2595 jas
784 2513 954 2576 moderandi
971 2511 1092 2590 religio-

4 2649 6 2656 ν
113 2631 187 2675 uem,
204 2615 278 2676 Haec
297 2615 405 2694 regula
424 2612 544 2692 duplici
565 2613 664 2674 modo
684 2612 883 2692 intelligitur,
904 2625 1022 2686 nempe
1043 2609 1090 2668 vel

113 2716 259 2790 respectu
275 2711 470 2787 singulorum
488 2710 617 2784 civium,
636 2711 684 2771 vel
704 2714 851 2788 respectu
871 2705 1021 2767 Ecclesia
1038 2702 1091 2784 (2).

154 2812 184 2868 t.
200 2807 371 2869 Auctoritas
388 2807 483 2868 civilis
497 2826 554 2867 ooo
570 2806 657 2868 tabet
670 2807 724 2886 jus
744 2803 909 2886 imponendi
926 2801 1095 2881 religionem

112 2904 258 2966 accioloa.
268 2903 359 2964 Ratio
371 2910 428 2978 est,
441 2909 511 2964 tum
521 2902 594 2983 quia
606 2921 671 2965 non
682 2901 830 2982 praecipit
839 2905 928 2961 actus
940 2900 1093 2975 internos,

114 3007 185 3064 tum
208 3000 282 3079 quia
305 2999 436 3066 minime
456 3004 503 3060 est
521 2999 707 3076 infallibilis,
733 3002 802 3061 tum
824 2998 897 3077 quia
921 2997 1002 3060 ritus
1026 2995 1096 3060 reli·

115 3100 195 3179 giesi
212 3099 310 3160 tidem
324 3101 518 3176 supponunt.

156 3200 305 3259 Attamen
321 3199 428 3275 potest
443 3193 585 3273 negative
599 3191 684 3254 tueri
697 3193 844 3255 veritates
866 3192 971 3255 ordini
988 3191 1097 3254 sociali

117 3293 321 3356 necessarias.
337 3292 463 3354 Etenim
479 3294 552 3352 sunt
565 3289 713 3369 quaedam
728 3289 874 3351 veritates
887 3289 1003 3368 quibus
1018 3289 1097 3350 ordo

117 3391 241 3454 socialis
273 3387 437 3464 innititur3
465 3407 495 3449 v.
524 3407 553 3469 g.
584 3388 641 3450 Dei
669 3387 844 3463 existentia,
876 3384 1098 3450 immortalitas

152 3559 183 3617 (ι)
200 3558 212 3606 1
226 3559 302 3618 nm,
318 3570 346 3617 n,
362 3560 385 3606 a.

148 3636 185 3702 (a)
198 3636 309 3701 norisio,
324 3636 396 3686 aloa
409 3620 666 3701 potttcdet’llqtiae,
679 3631 810 3698 t.111,tit.
828 3647 885 3684 ιω.
