2618 4252
478 319 552 364 PARS
574 319 739 366 senclntts.
1044 321 1089 367 aot

12 453 13 524 j
116 449 192 495 cum
204 433 322 509 anima,
339 435 402 496 vita
415 453 554 513 praesens
569 439 769 514 cumfutura,
786 443 906 500 mutuae
923 439 1091 500 relationes

12 553 14 616 g
115 531 285 592 hominum
300 548 375 592 cum
390 532 595 612 relationibus
608 535 648 594 ad
664 537 765 596 Deum
781 536 834 615 (l).

216 789 219 796 .
250 754 306 818 §2
319 781 351 792 -
372 753 497 805 Mutuum
515 741 647 808 auxilium
666 756 797 809 Ecclesiae
815 760 844 808 et
862 760 961 810 status.

152 909 274 972 Quasno
296 911 321 962 1.
336 909 375 962 De
387 909 521 979 praesidio
535 911 612 981 quod
625 911 750 968 Ecclesia
764 913 856 968 Stalai
867 873 994 986 praestat.

151 997 275 1062 Qarasno
294 1001 321 1051 ⁶2.
335 997 374 1050 De
389 995 491 1054 officiis
505 999 599 1054 Status
619 1015 687 1070 erga
701 1001 868 1057 Ecclesiam.

187 1199 302 1259 ansrro
318 1204 351 1248 1⁸.
364 1225 397 1236 —-
411 1201 448 1250 Da
463 1213 582 1250 rnusrnro
593 1214 659 1257 ouon
672 1205 790 1253 Ecum-:sva
802 1205 891 1252 sverai
901 1216 1021 1254 sanarer.

154 1357 307 1435 Ecclesia,
328 1359 486 1440 legatione
505 1380 559 1424 sua
578 1364 722 1442 iungens,
746 1365 884 1426 mediate
906 1364 1000 1426 simul
1021 1384 1093 1444 pro·

113 1462 223 1520 movet
242 1459 340 1518 tinem
359 1457 519 1520 societatis
536 1460 646 1536 civilis,
663 1478 734 1539 quae
752 1461 792 1522 ab
812 1462 866 1522 illa
881 1463 973 1524 variis
989 1445 1093 1525 modis

112 1557 269 1617 firmatur.

154 1655 180 1714 I.
195 1652 348 1734 Principes
368 1663 397 1714 et
410 1653 519 1714 subditi
529 1654 664 1735 relz'pioso
679 1655 814 1736 la'pamine
830 1655 1002 1718 adinvicem
1022 1678 1091 1719 eon-

113 1759 273 1812 nectantar
284 1770 338 1832 per
349 1751 512 1812 doctrinam
527 1751 709 1813 catholicam.
725 1755 825 1814 Docet
839 1755 923 1826 enim
936 1756 1088 1831 Ecclesia,

112 1847 284 1928 principes,
303 1850 388 1910 velut
402 1850 457 1910 Dei
471 1849 644 1924 ministros,
661 1849 787 1930 populis
801 1851 973 1928 presidere
985 1852 1090 1930 gladio

107 1945 241 2026 justitiae
263 1945 447 2023 instructos,
472 1945 579 2027 eisque
610 1947 827 2010 obediendum
854 1965 932 2009 esse.
956 1951 1090 2029 Insuper

109 2041 308 2122 principibus
323 2044 461 2122 injungit
476 2043 618 2104 officium
637 2048 723 2106 recte
738 2045 946 2124 gubernandi.
969 2047 1089 2118 Quanta

110 2141 283 2203 commoda
300 2140 333 2201 in
355 2141 476 2205 bonum
498 2157 668 2203 commune
690 2141 808 2221 ubique
829 2141 1041 2222 provenirent,
1062 2143 1087 2204 si

110 2240 269 2318 ejusmodi
283 2239 429 2306 doctrina
445 2244 476 2300 et
488 2245 649 2317 praecepta
662 2245 731 2301 tum
747 2258 765 2300 a
778 2240 977 2320 principibus
991 2247 1059 2303 tuni
1071 2258 1089 2302 a

109 2335 238 2417 populis
252 2336 496 2398 observarentur
513 2335 566 2416 (Eli

149 2434 187 2496 ll.
204 2433 338 2495 Ecclesia
352 2433 464 2494 vincalo
478 2433 628 2514 relipionis
645 2434 730 2495 etiam
744 2433 817 2494 cives
834 2433 875 2496 nd
887 2435 1007 2496 invicem
1021 2455 1089 2497 con·

107 2532 211 2594 nectit.
227 2525 337 2602 Timor
352 2534 408 2594 Dei
422 2534 508 2594 solus
528 2537 586 2607 est,
604 2531 658 2611 qui
672 2533 811 2594 custodit
825 2533 992 2594 hominum
1005 2534 1088 2593 inter

108 2647 142 2692 se
155 2631 353 2707 societatem,
369 2631 414 2693 ait
436 2631 628 2693 Lactantius.
650 2631 747 2711 Atqui
765 2633 831 2692 sola
845 2648 918 2694 vera
930 2627 1040 2707 religio
1057 2635 1088 2692 et

107 2729 251 2791 Ecclesia
262 2727 413 2789 timorem
428 2723 487 2789 Ilei¹
501 2728 672 2790 efficaciter
685 2729 781 2789 docet
793 2734 824 2788 et
834 2727 983 2800 inculcat,
993 2725 1089 2812 justi-

106 2826 250 2904 tiamque
269 2830 301 2886 et
320 2826 508 2886 charitatem
528 2826 745 2886 commendat.
767 2823 926 2884 Nimirum
946 2822 1087 2883 Ecclesia

106 2920 341 2984 observantiam
363 2921 444 3000 juris
473 2938 491 2981 a
519 2920 665 2982 debitore
691 2921 725 2979 in
752 2917 947 2980 conscientia
973 2918 1083 2995 exigit3

103 3035 219 3081 verum
231 3017 425 3078 exactionem
441 3016 608 3079 creditoris
623 3018 762 3096 quodam
777 3013 1004 3077 misericordiae
1017 3014 1089 3075 dul-

105 3132 182 3178 core
206 3119 374 3192 temperat.
405 3113 629 3192 Disperitatem
663 3113 823 3174 bonorum
848 3113 1083 3194 temperalium,

105 3232 179 3295 quae
192 3211 342 3274 divitibus
354 3209 504 3272 invidiam
515 3228 690 3290 pauperum
701 3209 824 3284 incitat,
837 3209 1008 3271 christiana
1016 3210 1087 3272 cha·

65 3297 68 3303 Δ
106 3311 199 3373 ritate
222 3309 462 3388 quodammodo
483 3311 637 3386 exaequat,
657 3314 688 3370 et
702 3305 955 3386 perturbationes
970 3307 1084 3370 exinde

136 3492 171 3556 (t)
182 3492 333 3556 Liberatus,
349 3492 520 3542 institutiones
529 3491 602 3556 jacis
615 3497 728 3552 naturae,
742 3492 787 3541 lib.
805 3493 838 3552 ll,
853 3502 908 3550 cap.
921 3505 957 3542 vr.

138 3575 172 3636 tt)
185 3573 312 3635 Proverb.‚
325 3585 380 3634 vna,
395 3575 432 3623 15.
451 3599 478 3608 -
489 3573 558 3634 Sap,
569 3585 597 3632 u,
609 3575 633 3622 1.
646 3598 676 3608 ·-
688 3573 775 3631 Rom,
787 3585 843 3632 xiii,
858 3576 878 3620 1.
892 3597 920 3608 -
938 3571 949 3620 l
962 3572 1040 3632 Petu,
1053 3579 1076 3616 u

108 3654 145 3703 13.
161 3677 190 3692 -
200 3653 225 3704 S.
238 3655 359 3715 segusa,
369 3653 400 3703 dc
415 3653 524 3703 Ciuitate
535 3654 589 3716 Det,
604 3653 646 3702 lib.
659 3653 689 3716 V,
705 3666 761 3714 cap.
775 3665 827 3702 aar.
