2604 4264
229 295 283 342 10⁰
397 291 554 342 arrasum
575 291 751 340 narnuluca
772 293 856 340 Juais
876 293 1032 342 carorum.

132 441 137 451 ·
224 416 255 474 et
273 412 415 476 oratione
433 417 464 475 et
474 411 596 493 jejunio
609 427 643 474 se
663 411 704 472 ad
719 409 952 474 solemnitatem
967 409 1203 493 preparabant.

223 507 240 571 J
243 514 312 571 usta
324 510 364 571 de
375 524 470 572 causa
483 507 613 570 sublatis
629 506 753 588 vigiliis,
772 525 834 570 una
851 504 983 590 excepta
996 510 1102 589 vigilia
1115 509 1211 572 Nati·

222 607 326 669 vitatis
346 607 485 682 Domini,
507 612 726 671 remanserunt
745 607 866 688 J’ejunia
891 609 924 669 in
945 609 1110 689 pervigilio
1125 625 1206 688 qua-

224 706 372 768 rumdam
386 706 636 768 solemnitatum.
1022 767 1024 771 ,

262 805 409 866 Jamvero
426 803 568 866 Ecclesia
584 801 706 882 jejunio
730 802 870 866 celebrat
887 803 1008 885 vigilias
1023 803 1204 868 Natiuitatis

224 901 363 977 Domini,
378 900 830 979 pentecostes,Assumptionis
845 903 879 963 Β.
895 904 946 978 V.,
962 902 1111 963 Omnium
1123 903 1205 964 San·
1286 959 1288 962 .

225 1005 350 1062 olorum
366 1004 397 1062 ct
411 999 649 1078 Apostolorum,
665 1004 777 1079 praeter
791 998 907 1079 cipilcas
918 998 1115 1082 apostolorum
1128 998 1207 1060 Pti-

186 1121 190 1130 ·
225 1095 299 1178 lippi
310 1104 339 1158 et
350 1095 462 1171 Joeodt',
479 1103 508 1157 et
527 1095 647 1156 Joaaoa's
668 1096 861 1177 coaapelistae,
877 1097 1013 1178 quoniam
1026 1097 1147 1158 illoram
1159 1116 1205 1158 so·

225 1193 359 1256 leonitas
381 1196 461 1255 iutra
483 1193 692 1256 solennitatem
708 1193 885 1276 paschalem,
900 1195 985 1256 satias
1008 1203 1105 1256 autem
1123 1195 1206 1255 iutra

225 1290 363 1353 Natalem
378 1290 497 1352 Dmniai
510 1289 611 1352 incidit
624 1291 677 1370 (l).
697 1293 729 1354 Si
747 1310 821 1354 vero
833 1293 939 1370 vigilia
954 1293 1074 1356 incidat
1093 1294 1127 1354 in
1147 1294 1206 1354 do-

225 1389 388 1463 minicam,
401 1389 559 1467 jejunium
573 1388 767 1468 anticipatur
784 1390 836 1451 die
849 1389 985 1462 sabbati.
1111 1457 1113 1461 ,

264 1488 314 1548 Ad
341 1486 472 1548 Galliam
495 1486 580 1564 qood
606 1487 733 1562 attinet,
759 1488 874 1550 codem
897 1489 1029 1552 decreto
1047 1506 1112 1568 quo
1128 1487 1204 1551 sub·

225 1585 296 1647 lata
314 1592 387 1647 sunt
413 1585 573 1665 pleraeque
592 1584 776 1648 festivitates
798 1587 837 1648 de
861 1594 1034 1667 praecepto,
1052 1589 1205 1666 pleraque

225 1683 321 1744 etiam
333 1683 511 1762 vigiliarum
523 1683 642 1764 jejunia
655 1684 784 1746 luerunt
796 1684 917 1748 sublata
926 1684 980 1765 (t).
998 1686 1076 1748 llum
1087 1686 1206 1748 festum

225 1780 278 1842 SS.
299 1781 383 1843 Petri
403 1785 435 1844 et
456 1781 541 1843 Pauli
559 1799 625 1844 non
645 1782 686 1843 sit
705 1783 836 1844 omnino
855 1800 1069 1864 suppressum,
1085 1785 1141 1846 sed
1156 1801 1206 1845 so-

224 1879 292 1941 lum
306 1880 346 1941 ad
364 1880 558 1955 dominicam
573 1880 820 1960 subsequentem
835 1883 1034 1957 translatum,
1050 1900 1117 1944 non
1133 1899 1207 1946 con·

225 1981 287 2039 stat
307 1978 394 2040 illam
413 1979 527 2059 jejunii
548 1978 805 2057 suppressionem
827 1979 1066 2060 intelligendam
1082 1997 1151 2042 esse
1166 1981 1206 2041 de

226 2075 333 2156 vigilia
353 2077 416 2140 dici
439 2079 478 2139 ad
500 2094 596 2156 quam
617 2076 798 2140 solemnitas
821 2093 933 2140 eorum
953 2078 1137 2140 remittitur.
1160 2078 1206 2140 Ex

134 2171 139 2180 '
226 2175 429 2238 concessione
443 2178 567 2239 Sancta
582 2175 685 2250 Sedis,
695 2175 780 2238 istud
794 2175 952 2256 jejunium
966 2177 1000 2238 in
1014 2175 1205 2255 quibusdam
1284 2231 1287 2236 .

227 2259 418 2336 dioecesibus
432 2292 496 2337 non
512 2274 647 2355 obligat.
733 2271 737 2278 ’

265 2373 303 2434 Il.
319 2373 439 2444 Praetar
458 2374 524 2435 dies
536 2373 743 2452 jejuniorum,
763 2374 836 2434 sunt
853 2372 950 2435 etiam
971 2372 1025 2434 alii
1038 2372 1098 2434 dc'es
1111 2370 1206 2433 absti-
1286 2437 1287 2444 ,

225 2469 343 2532 acatia.
369 2470 505 2551 Singulis
529 2469 784 2533 hebdomadibus
806 2470 948 2532 Ecclesia
969 2489 1026 2550 per
1046 2469 1207 2532 abstinen·
1286 2457 1287 2541 l

225 2569 304 2630 tiam
319 2567 459 2630 celebrat
473 2567 583 2630 leriam
595 2574 716 2630 sextam
732 2567 766 2628 in
780 2568 967 2630 memoriam
979 2568 1135 2648 passionis
1151 2567 1208 2628 do-

226 2667 364 2741 minicae,
377 2670 408 2727 et
421 2665 587 2727 sabbatum
597 2665 630 2726 in
639 2665 796 2730 bonorem
808 2672 876 2728 tum
890 2667 1061 2746 sepulturae
1074 2665 1202 2742 Christi,

225 2769 296 2826 tum
305 2766 411 2827 Beatae
422 2763 571 2843 Virginis.
585 2764 760 2846 Excipitur,
778 2764 802 2826 si
811 2765 961 2828 Nativitas
970 2764 1099 2828 Domini
1111 2765 1160 2826 vel
1172 2763 1206 2825 in

226 2862 337 2924 leriam
352 2867 473 2924 sextam
486 2863 535 2924 vel
550 2863 582 2924 in
596 2861 762 2925 sabbatam
778 2862 917 2940 incidat;
932 2869 1009 2927 tunc
1027 2863 1105 2926 licet
1118 2862 1205 2926 vesci
1285 2937 1286 2940 Ἴ

226 2959 383 3037 carnibus,
399 2960 441 3023 ob
457 2960 677 3024 excellentiam
689 2961 877 3024 festivitatis.

217 3217 219 3222 Ι
259 3146 293 3207 (1)
304 3148 383 3208 llutos
394 3146 462 3196 tituli
475 3161 530 3210 cap.
543 3145 689 3198 Consilium.

260 3227 292 3286 (t)
305 3227 390 3289 legati
403 3229 587 3290 lodoltumpro
597 3226 742 3278 reductione
751 3227 890 3290 Fastorum,
901 3230 915 3278 9
934 3226 1006 3290 april.
1026 3229 1094 3278 1802.
