2594 4286
217 284 250 336 ib
383 285 538 336 oxeosmlo
559 286 735 334 dracontea
757 283 840 334 JURIS
862 284 1018 334 cauoulcl.

324 497 374 564 §S
384 525 414 536 -
425 497 654 564 Remrlariumjrrs
669 486 858 550 ministerium
871 497 1023 550 exercendi
1034 499 1082 560 (ll.

256 656 428 736 Supposita
440 661 594 735 potestate
612 656 843 735 Episcoporum
863 655 895 716 in
909 659 1085 733 exemptos,
1102 671 1194 732 quae-

216 755 296 816 ritur
322 773 361 816 an
388 754 604 833 Regularibus‚
624 754 700 815 licet
725 753 861 828 idoneis,
887 753 1194 832 possitllpisoopus

215 851 401 914 facultatem
415 852 608 930 praedicandi
620 858 652 913 et
664 851 877 914 consessiones
888 850 1029 912 lidelium
1042 848 1196 910 audiendi

218 950 385 1030 denegare.
400 943 500 1012 'Juxta
523 950 689 1028 quosdam,
707 948 762 1031 ubi
783 949 944 1010 sulficiens
962 948 1052 1010 adest
1073 949 1193 1022 clerus,

217 1047 375 1126 Episcopo
386 1047 521 1108 liberum
534 1053 615 1109 esset
625 1047 781 1125 impedire
793 1064 833 1108 ne
845 1047 1013 1126 Regulares
1026 1049 1197 1108 exerceant

219 1144 442 1222 ministerium,
467 1144 553 1224 quod
578 1146 618 1205 ad
641 1144 712 1206 illos
736 1162 800 1205 non
821 1149 944 1224 spectat
964 1144 1025 1206 nisi
1042 1144 1198 1207 acciden-

219 1244 336 1306 taliter.
494 1228 499 1234 ’

258 1341 351 1422 Prcp.
369 1343 478 1402 Potest
491 1339 624 1419 quidem
636 1339 812 1419 Episcopus
827 1340 995 1420 Regulares
1011 1357 1030 1401 a
1049 1339 1199 1403 ministe-

220 1439 269 1501 rio
284 1455 391 1500 arcere
405 1455 443 1499 ex
458 1456 496 1500 eo
518 1440 603 1517 qnod
625 1438 712 1516 ipsos
726 1456 789 1499 non
804 1438 938 1500 idoneos
953 1440 1118 1518 repererit,
1132 1457 1200 1500 non

222 1545 329 1599 autem
351 1554 388 1598 ex
412 1553 450 1597 eo
477 1537 561 1616 quod
590 1536 693 1599 clerus
716 1535 875 1597 saecularis
897 1536 938 1598 sit
958 1537 1055 1599 sacris
1078 1537 1200 1600 muniis

222 1633 378 1697 obeundis
393 1633 562 1695 sufficiens.

262 1731 403 1792 Probi·
417 1732 463 1792 Ex
477 1731 626 1794 missione
645 1749 741 1811 quam
757 1733 927 1813 Regulares
944 1751 962 1794 a
983 1735 1015 1798 S.
1039 1735 1122 1797 Sede
1145 1752 1200 1797 ac-

223 1829 355 1911 cipiunt.

263 1928 335 1990 'lria
346 1933 492 1992 constant
501 1926 615 2008 quibus
628 1933 716 2006 patet
727 1928 772 1992 vis
787 1930 979 2008 argumenti:
995 1933 1032 1991 lm
1046 1930 1201 2010 Religiosi

225 2027 352 2090 ordines
375 2044 393 2088 a
414 2029 445 2090 S.
473 2027 554 2089 Sede
578 2025 763 2087 missionem
784 2014 902 2090 hahent
924 2029 961 2088 ad
986 2027 1201 2091 ministerium

122 2199 125 2204 ,
225 2126 450 2200 exercendum,
468 2124 625 2203 siquidem
639 2124 835 2204 approbatur
853 2143 964 2188 eorum
979 2126 1042 2188 vila
1061 2132 1211 2207 contem-¹

225 2224 341 2305 plativa
355 2230 387 2286 et
399 2223 510 2286 activa.
523 2255 564 2268 -
574 2227 613 2285 2²¹
624 2226 699 2285 llaec
712 2228 852 2302 potestas
864 2224 1069 2304 Regularibus
1085 2225 1124 2286 ab
1140 2227 1201 2288 Ec-

225 2323 322 2387 clesia
335 2323 534 2400 conceditur,
549 2322 606 2384 sub
621 2323 687 2383 sola
702 2322 897 2399 conditione,
912 2323 997 2403 quod
1010 2322 1050 2384 ab
1070 2322 1202 2386 Ordina-

224 2421 272 2483 rio
283 2420 617 2482 assensumohtinoant
626 2420 664 2481 ad
677 2420 918 2499 praedicandum
935 2428 966 2484 et
982 2411 1202 2484 conlassicnes

225 2520 410 2582 audiendas.
425 2551 463 2566 —
473 2521 512 2580 3¹²
526 2519 701 2599 Episcopus
714 2519 848 2597 proinde
857 2520 1124 2598 approbationem
1137 2537 1203 2581 non

226 2617 287 2680 alia
300 2618 340 2679 de
354 2634 448 2679 causa
462 2616 619 2696 denegare
636 2622 751 2695 potest,
771 2617 832 2678 nisi
853 2617 928 2696 quia
948 2619 1118 2697 Regulares
1136 2635 1204 2680 non

226 2721 329 2778 essent
345 2713 462 2777 idonei.

265 2812 360 2876 Proh.
371 2816 403 2874 2⁰
412 2814 456 2874 Ex
466 2810 546 2892 juris
559 2811 709 2874 textibus.
719 2813 855 2875 -Bulla
868 2813 1037 2875 Clementis
1049 2815 1076 2876 X
1088 2833 1095 2876 z
1109 2835 1123 2873 c
1133 2817 1204 2878 Non

227 2918 332 2992 potest
345 2911 520 2991 Episcopus
531 2909 705 2988 generatim
721 2910 1107 2989 prohibereRegularibus
1122 2913 1203 2991 quin

226 3014 260 3075 in
276 3010 426 3075 llcclesiis
445 3025 575 3071 suorum
589 3008 744 3071 Ordinum
759 3009 945 3087 praedicent.
965 3008 1040 3072 Sine
1063 3009 1203 3072 rationa-

227 3111 284 3173 bili
311 3127 403 3172 causa
423 3109 643 3172 contradicere
666 3125 730 3168 non
754 3106 886 3172 debet...
913 3105 1062 3185 Religiosi
1085 3108 1139 3186 qui
1162 3109 1204 3170 ad

227 3204 1202 3284 confessionesaudiendasidoneigeneraliterrepertiluerint,

227 3307 267 3377 ab
293 3304 458 3384 Episcopis
484 3303 672 3384 generaliter
698 3319 824 3383 quoqne
857 3302 975 3380 absque
1012 3303 1204 3366 limitatione

224 3409 419 3481 temporum,
433 3402 576 3463 locorum
590 3407 645 3462 aut
658 3417 864 3481 personarum
878 3398 912 3462 in
927 3399 1057 3462 dioecesi
1072 3404 1205 3482 propria

260 3567 292 3632 (1)
303 3566 342 3617 Pii
355 3565 385 3616 lll
396 3565 467 3616 Sulla
486 3565 617 3615 Auctorem
634 3561 698 3626 fidei
713 3567 794 3624 (prop.
813 3563 863 3627 libi.
880 3587 909 3598 -—
927 3562 1060 3612 Clementis
1082 3564 1104 3614 X
1123 3571 1204 3616 const.

228 3648 350 3712 Superbo.
377 3676 382 3692 .
