2594 4286
466 329 539 376 PARS
561 329 724 380 secunus.
1047 333 1077 380 tr

105 453 181 512 sunt
196 448 398 511 admittendi.
422 447 642 510 confessiones
665 449 814 510 audiendi
827 451 960 514 facultas
979 453 1084 514 omni-

106 548 166 612 bus
188 549 284 610 simul
305 547 397 609 unius
415 533 588 608 conventui
608 545 816 625 Reguleribus
839 550 936 611 adimi
952 550 991 612 ab
1009 550 1084 628 Epi-

105 664 218 726 scopo,
236 645 415 707 inconsulta
429 643 510 706 Sede
528 643 721 722 Apostolice,
738 647 918 709 nullatenus
930 653 1044 727 potest.
1061 670 1075 706 o

263 845 279 908 ς
296 843 321 897 t.
335 871 366 882 -
379 843 429 896 lus
440 842 626 910 parochorum
637 855 706 909 erpo
721 843 871 912 Repuleree
887 846 929 910 ll).

148 1000 309 1065 Perochus
324 1001 480 1081 impedire
499 1002 609 1081 nequit
626 1018 667 1064 ne
685 1019 784 1064 novus
799 1003 936 1083 erigatur
950 1021 1086 1067 conven-

103 1106 171 1176 tus,
192 1117 233 1162 ne
254 1101 412 1178 regulares
432 1098 560 1162 Missam
581 1105 653 1162 ente
673 1100 889 1179 parochialem
911 1102 1084 1177 celebrent,

103 1202 156 1263 vel
179 1200 256 1260 hora
278 1199 408 1278 parochi
429 1199 626 1278 praedicent3
644 1216 683 1260 ne
702 1199 811 1260 fideles
832 1206 992 1278 praecepto
1008 1201 1085 1261 mis-

106 1315 177 1359 sam
204 1296 352 1358 audiendi
376 1295 567 1358 satisfaciant
592 1296 623 1357 in
648 1295 791 1358 ecclesiis
814 1296 1028 1375 Regularium,
1045 1315 1085 1358 ne

106 1397 281 1474 Regulares
295 1393 525 1456 Eucharistiam
539 1393 730 1455 distribuent
744 1400 879 1473 excepto
890 1395 942 1456 die
955 1395 1086 1456 Pascha-

106 1492 169 1567 tis;
192 1509 233 1552 ne
256 1492 425 1571 Reguleres
449 1491 613 1571 approbati
629 1509 686 1569 per
702 1491 861 1570 integrum
876 1509 995 1554 annum
1013 1510 1087 1555 cou-
1151 1501 1155 1512 '

107 1591 263 1653 sessiones
277 1589 371 1651 etiam
385 1589 584 1651 intirmorum
598 1590 737 1652 audiant.

151 1690 197 1750 Ex
209 1687 346 1767 generali
361 1688 478 1768 regula,
493 1687 553 1747 nisi
568 1704 625 1774 per
637 1689 785 1749 Octavam
798 1688 945 1768 Corporis
959 1688 1085 1762 Christi,

108 1787 159 1848 vel
176 1786 215 1847 de
236 1784 384 1866 Episcopi
398 1784 536 1859 licentia,
554 1786 723 1864 Regulares
738 1805 800 1848 non
816 1793 951 1866 possunt
962 1803 1088 1865 prooes-

110 1882 216 1945 siones
232 1889 319 1952 extra
333 1885 505 1945 claustrum
521 1882 646 1944 ducere.
742 1897 743 1906 ¹

347 2145 350 2154 ’
467 2141 728 2200 ARTIGULUSV
828 2184 831 2193 .

445 2309 566 2350 Rhomen
580 2309 766 2351 eucnemon.

149 2464 165 2528 §
183 2463 207 2516 l.
222 2458 363 2529 Regimen
374 2455 565 2528 Reguleriu'm
578 2457 608 2513 in
621 2472 737 2528 genere.

148 2554 165 2618 §
180 2554 205 2605 ἒ.
222 2547 355 2604 Condilio
369 2547 565 2638 quorumdam
576 2547 777 2618 Regulerium.

300 2763 353 2828 §t
364 2760 534 2830 -itepimou
552 2761 727 2829 Repulerium
741 2759 772 2812 in
792 2773 905 2827 penore.

153 2912 181 2964 l⁰
199 2909 239 2964 lle
249 2909 355 2964 nutura
366 2908 513 2980 potestatis
524 2908 555 2964 in
567 2906 722 2964 Ordinibus
729 2901 891 2962 existentis.

152 3000 182 3052 2⁰
197 2997 237 3052 lle
248 2996 378 3067 subjecto
396 2998 428 3053 in
444 3013 501 3069 quo
516 2997 620 3054 residet
635 2999 757 3068 potestus
769 2991 892 3064 regendi
905 2990 1035 3049 Orrhnes.

156 3087 185 3140 3ο
200 3085 239 3141 De
252 3083 517 3158 objectopotestotis
530 3084 607 3158 opud
618 3083 787 3156 Regulares.

135 3295 251 3356 Qotsrro
266 3298 299 3347 1¹.
314 3321 344 3332 -
356 3295 393 3346 Ds
408 3309 505 3346 urruns
525 3305 668 3345 roresrrus
681 3306 706 3342 ru
724 3292 861 3344 osuruuus
880 3303 1020 3342 rxrsrsurrs
1035 3289 1078 3354 tl).

157 3452 181 3514 1.
205 3453 241 3512 ln
261 3453 430 3514 Ordinibus
453 3451 609 3532 religiosis
631 3450 714 3511 inter
734 3465 767 3510 se
780 3447 930 3510 differunt
946 3451 1086 3525 potestas

149 3610 180 3670 (ll
196 3611 310 3668 Boterdi,
321 3609 507 3672 Commentario
519 3610 595 3675 iujos
608 3587 810 3668 ecclesiasticum,
820 3615 842 3658 t.
861 3607 881 3670 l,
893 3607 992 3657 dissert·
1005 3605 1045 3655 IV.

119 3685 122 3692 ’
148 3688 579 3754 (elhouix,de1teqotoribus‚pors
593 3689 633 3753 lll,
646 3695 705 3741 sect
722 3693 743 3750 1,
755 3701 809 3752 cup.
825 3701 846 3737 r.
