2604 4264
226 297 279 346 ltt
316 322 324 334 ·
396 300 552 348 exroslmo
572 299 746 348 ammonici
769 301 851 348 JUllls
874 300 1033 347 canonici.

97 451 103 463 ·
223 418 365 482 Ecclesia
373 423 446 498 post
455 416 612 498 judicium
626 417 788 500 Episcopi,
804 417 903 498 aliqui
911 419 990 480 tales
1000 395 1221 482 habebantur

223 521 295 596 post
312 516 471 598 judicium
491 515 694 596 pontificium
715 513 863 578 omnibus
883 515 1034 579 Ecclesiis
1053 515 1208 596 proposi-

222 622 1206 774 tu¹11³1asulatimfactumestutreservareturlt.Pontiliciiacultas

115 855 118 860 -
222 809 415 872 decernendi
436 809 558 870 cultum
582 808 760 889 publicum,
775 826 841 870 non
854 810 958 870 solum
982 809 1015 870 in
1033 808 1202 884 universis,

222 909 277 970 sed
289 908 384 970 etiam
396 907 648 988 insingularibus
658 907 827 982 Ecclesiis3
841 907 928 986 quod
940 907 1007 987 jam
1022 905 1204 969 obtinuisse

221 1006 421 1086 temporibus
434 1006 603 1068 Alexandri
625 1007 667 1068 111
680 1009 803 1068 constat
823 1021 861 1066 ex
876 994 1090 1071 Decretalium
1105 1004 1205 1068 titulo
1295 1037 1297 1046 ι

224 1102 258 1165 dc
274 1102 405 1185 reliquiis
423 1111 452 1166 et
466 1104 648 1166 veneratione
662 1091 864 1165 Sanctorum?

262 1201 313 1263 lll.
334 1199 404 1275 Quis
416 1201 509 1281 possit
528 1198 566 1260 ab
579 1199 711 1262 Ecclesia
725 1197 914 1261 canonizari?

171 1376 174 1381 Ι
260 1299 450 1361 llletantum
464 1299 642 1361 canonizari
663 1303 780 1378 potest,
795 1300 834 1361 de
849 1299 938 1377 cujus
956 1297 1112 1359 sanctitate
1134 1299 1205 1360 vite
1294 1379 1297 1388 ,

222 1400 255 1461 et
267 1397 419 1459 miraculis
448 1413 505 1476 per
519 1395 742 1476 probationem
760 1397 942 1476 plenissime
962 1401 1099 1460 constat.
1119 1398 1204 1458 Prae-

220 1501 270 1559 ter
281 1496 353 1558 vitae
368 1494 583 1570 sanctitatem,
606 1513 678 1574 quae
696 1500 841 1557 constare
855 1495 951 1557 debet
971 1502 1040 1558 tum
1062 1511 1101 1557 er
1119 1495 1206 1558 inte·

136 1605 139 1609 ’
220 1594 334 1674 gnitate
358 1593 444 1669 fidei,
466 1598 536 1654 tum
559 1593 742 1673 extcaeteris
767 1592 936 1655 virtutibus
954 1592 1145 1678 theologicis
1169 1598 1203 1655 et

221 1690 395 1754 moralibus
426 1689 460 1750 in
487 1691 586 1771 gradu
611 1687 757 1766 heroico,
787 1690 883 1752 eliam
912 1691 1080 1770 exiguntur
1107 1688 1204 1752 mira·

220 1789 289 1850 cula
306 1805 377 1868 quae
402 1805 509 1851 veram
526 1789 727 1852 sanctitatem
747 1796 779 1852 et
797 1789 854 1851 Dei
876 1790 1072 1852 voluntatem
1096 1793 1202 1852 osten·

220 1887 311 1950 dunt.

259 1986 308 2047 Ad
324 1985 576 2048 canonizandum
591 1991 765 2067 martyrem
783 1985 879 2048 debet
896 1990 1043 2048 constare
1058 1983 1100 2046 de
1116 2001 1201 2046 mar·

219 2084 312 2165 tyrio,
328 2089 360 2147 et
373 2083 559 2162 regulariter
572 2084 777 2164 requiruntur
792 2085 955 2147 miracula.
1157 2079 1162 2088 '

259 2184 311 2245 lv.
324 2183 395 2258 Quae
406 2182 445 2243 sit
451 2181 549 2264 formu
555 2181 732 2264 procedendi
738 2181 1026 2266 odbeotlficotaboem
1039 2191 1068 2244 et
1077 2181 1200 2244 cononi·
1276 2169 1290 2223 ss

219 2279 360 2342 sationem
372 2277 568 2341 Sanctorum?
651 2357 653 2360 Ι

261 2381 290 2442 1.
309 2379 420 2440 Forma
431 2377 606 2461 procedendi
614 2377 655 2439 od
668 2378 919 2462 beatificationem.
937 2379 1055 2456 Prim0,
1073 2395 1199 2457 proces·

219 2495 272 2538 sus
290 2495 354 2539 non
377 2482 423 2538 est
444 2477 643 2540 inchoandus
662 2494 681 2539 a
701 2480 952 2559 Congregatioue
975 2478 1118 2554 Rituum,
1137 2475 1198 2538 nisi
1295 2509 1296 2514 κ

219 2580 292 2654 post
306 2575 345 2636 50
363 2591 462 2636 annos
477 2573 516 2635 ab
531 2574 621 2636 obitu
636 2575 723 2636 Servi
739 2575 808 2636 Dei.
828 2575 961 2637 Interim
979 2573 1195 2654 probationes,

218 2676 415 2751 aspersam,
439 2671 539 2752 recipi
552 2677 712 2752 poterunt.
730 2675 812 2735 Ante
829 2672 946 2747 omnia,
964 2671 1048 2746 libri,
1069 2671 1096 2732 si
1119 2689 1197 2751 quos

219 2788 325 2833 servus
338 2771 395 2833 Dei
411 2769 547 2850 scripsit,
563 2769 860 2851 incongregatione
877 2769 1047 2831 examinari
1067 2767 1196 2831 debent.

229 2856 236 2870 ’
259 2869 419 2945 Secundo,
442 2873 514 2947 post
537 2869 577 2930 50
599 2884 710 2942 annos,
735 2867 907 2948 inquiritur
931 2869 971 2928 an
996 2865 1197 2930 observatum

217 2969 312 3032 irrcrit
326 2968 492 3030 decretum
506 2967 625 3032 Urbani
644 2969 714 3032 lllll
725 2969 764 3030 de
778 2987 836 3028 noo
851 2967 943 3028 cultra
961 2967 1197 3028 Praesenlantur

217 3083 384 3146 processus
401 3065 634 3146 Episcoporum
653 3071 684 3127 et
699 3064 814 3128 litterae
834 3065 1031 3145 Principum.
1048 3063 1196 3144 Sequitur

218 3161 403 3224 commissio
428 3181 522 3246 supep
547 3163 785 3226 introductione
807 3173 922 3236 carme,
947 3161 1101 3242 signanda
1124 3164 1195 3241 post

219 3257 332 3321 decem
346 3278 456 3337 annos,
471 3261 533 3322 nisi
548 3266 675 3342 tempus
689 3281 707 3324 a
719 3261 874 3324 Pontifioe
889 3260 1108 3323 abbreviatum
1126 3259 1193 3321 lue-

219 3357 272 3419 rit.
602 3403 611 3421 .

259 3455 377 3531 tertio,
399 3454 582 3520 introducta
602 3476 706 3538 causa,
726 3459 944 3524 examinantur
964 3462 1144 3538 processus,
1163 3458 1194 3518 et

218 3551 391 3632 inquiritur
402 3571 441 3614 an
454 3553 517 3616 sint
526 3555 632 3618 validi.
646 3555 837 3638 Proponitur
850 3554 984 3618 dubium
999 3575 1005 3617 :
1019 3573 1059 3616 an
1072 3557 1192 3618 constet

220 3651 261 3714 de
274 3649 441 3715 virtutibus
460 3652 493 3714 in
509 3653 610 3731 gradu
628 3654 779 3720 heroico?
796 3654 961 3736 Ejusmodi
977 3653 1074 3716 dubia
1089 3653 1191 3722 discu—
1293 3689 1294 3700 κ
