2604 4264
195 236 245 282 tat
349 237 505 284 EXPOSITIO
527 235 703 282 uarflootca
724 235 807 281 touls
830 235 984 280 cartorum.

192 354 375 416 dividuntur
388 356 422 416 in
435 354 570 433 majores
585 356 617 414 et
631 369 826 414 communes.
845 354 991 414 Jamrero
1003 370 1098 414 cousoe
1107 373 1185 414 ma-

183 452 277 532 jores,
293 470 426 532 quarum
440 449 569 512 nomine
584 448 692 511 omnia
705 449 834 528 negotia
845 449 996 528 gravioris
1011 451 1182 514 momenti

191 548 418 626 intelliguntur,
434 548 473 607 ad
489 548 606 609 Sedem
620 547 838 624 Apostolicam
853 547 1046 607 referuntur.

229 649 260 706 2.
272 648 390 708 Praeter
400 662 507 706 causas
520 643 666 722 majores,
681 641 812 721 reliquae
825 660 927 704 causae
941 643 981 703 ad
995 643 1103 704 forum
1114 660 1178 705 ee-

192 741 402 804 clesiasticam
422 739 617 820 pertinentes
638 737 671 798 in
686 739 787 819 prima
801 739 941 800 instantia
959 757 1069 822 coram
1090 759 1178 820 pro-

177 873 180 877 ·
191 839 262 917 prio
285 837 448 900 Ordinatio
463 837 661 916 judicantur.
681 835 815 898 Secunda
834 838 982 910 instantia,
1009 839 1049 898 ad
1071 856 1179 917 quam

191 941 296 1014 potest
310 935 472 1014 appellari,
490 939 537 996 est
551 935 691 996 tribunal
705 933 997 1013 metropolitanum.
1015 935 1118 996 Tertia
1130 936 1179 996 in·

191 1033 298 1092 stantia
310 1033 370 1112 (vel
384 1033 522 1094 secunda
533 1036 565 1092 et
575 1031 697 1110 ultima)
712 1035 759 1092 est
772 1031 920 1092 Summus
933 1032 1091 1095 Pontifex.

230 1130 269 1190 ll.
289 1130 421 1190 Ratione
444 1144 653 1207 personarum
674 1145 745 1206 quae
764 1126 801 1211 in¹
819 1127 977 1210 judicium
999 1133 1169 1205 vocantur,

192 1225 420 1306 distinguenda
444 1231 517 1286 sunt
538 1241 640 1286 causae
662 1224 894 1304 Episcoporum
912 1231 943 1287 et
961 1226 1169 1290 clericorum.

231 1329 260 1386 l.
276 1326 325 1386 Ad
340 1325 515 1403 Episcopos
529 1323 613 1400 quod
630 1322 753 1396 attinet,
770 1321 911 1401 ipsorum
927 1341 1028 1386 causae
1046 1326 1173 1405 ex'jure

192 1421 354 1484 communi
368 1427 422 1491 aut
438 1421 478 1480 ad
501 1419 664 1500 Synodum
683 1420 911 1496 provincialem
925 1428 979 1482 aut
993 1422 1032 1480 ad
1046 1422 1173 1484 Metro·

191 1521 367 1600 politanum
394 1516 625 1578 deferebantur.
657 1519 696 1579 At
731 1517 910 1580 Concilium
941 1520 1172 1582 Tridentinum

190 1633 298 1677 causas
320 1614 461 1692 ipsorum
484 1611 663 1674 criminales
688 1615 845 1692 graviores
868 1617 1000 1677 Summo
1016 1617 1169 1679 Pontifici

190 1712 371 1785 reservavit;
389 1711 522 1772 leviores
536 1727 610 1772 vero
625 1727 733 1772 causas
746 1713 866 1790 synodo
880 1705 1066 1789 provinciali
1076 1713 1167 1792 judi-

190 1809 305 1871 candas
317 1807 456 1887 reliquit.

228 1909 258 1967 E.
281 1908 388 1976 Gausae
414 1905 605 1966 clericorum
631 1905 671 1966 ab
693 1904 859 1988 Ordinatio
880 1908 1078 1988 judicantur.
1102 1900 1166 1988 lpsi

193 2008 357 2081 nequeunt
371 2004 419 2064 vel
433 2001 597 2082 privilegio
612 2003 672 2064 lori
684 2004 877 2078 renuntiare,
894 2007 941 2066 vel
954 2005 987 2065 in
1001 2024 1035 2068 se
1051 2024 1164 2084 proro-

191 2117 265 2178 gare
280 2099 537 2179 jurisdictionem
556 2099 706 2180 Episcopi
720 2099 826 2176 alieni,
840 2103 902 2163 nisi
920 2102 1069 2183 proprius
1084 2113 1167 2166 'con-

190 2197 334 2258 senserit.

228 2292 403 2373 Episcopus
428 2298 534 2354 autem
558 2311 613 2355 seu
634 2294 816 2356 Ordinarius
840 2297 986 2374 proprius
1014 2297 1163 2360 dicitur:

190 2393 220 2452 l⁰
239 2389 413 2469 Episcopus
425 2391 571 2466 domicilii,
589 2409 643 2452 seu
655 2389 753 2471 judex
768 2393 834 2471 ejus
850 2395 912 2455 loci
934 2395 966 2454 in
987 2413 1051 2473 quo
1070 2395 1165 2457 cleri-

77 2498 83 2515 s
188 2505 243 2549 cus
267 2493 407 2550 moratur
427 2489 630 2549 cum'auimo
644 2489 770 2550 diutius
793 2491 914 2552 ibidem
940 2493 1161 2572 permanendi.

186 2589 219 2646 2⁰
228 2586 403 2665 Episcopus
418 2592 596 2660 contractus,
612 2585 675 2647 sire
685 2587 783 2665 judex
796 2587 862 2666 ejus
875 2590 938 2650 loci
950 2589 1164 2653 ubi'contrac-

187 2688 237 2745 tus
253 2684 351 2746 initus
372 2688 430 2745 est.
448 2685 479 2744 3⁰
494 2681 670 2762 Episcopus
684 2683 730 2744 rei
740 2683 814 2759 sitoe,
833 2685 897 2746 sive
909 2687 1008 2765 judex
1023 2687 1087 2750 loci
1107 2688 1160 2751 ubi

186 2797 236 2841 res
249 2787 450 2844 controversa
468 2785 693 2861 permanenter
711 2781 770 2843 sita
784 2787 840 2844 est.
864 2787 897 2844 l⁰
915 2785 1091 2865 Episcopus
1110 2785 1157 2846 de-

186 2877 257 2956 licti,
273 2899 328 2943 seu
337 2881 436 2960 judex
449 2880 511 2942 loci
523 2877 577 2940 ubi
591 2879 744 2940 delictum
756 2881 962 2944 commissum
977 2889 1025 2946 est
1041 2883 1092 2966 (l).

578 3091 707 3154 CAPUT
728 3093 770 3153 111

427 3247 516 3298 Ordo
528 3251 706 3300 sonandam
719 3250 755 3300 ln
767 3250 918 3307 Judlottn.

225 3396 351 3459 Judicia
363 3401 533 3464 ordinatim
545 3406 717 3484 procedere
733 3406 896 3484 dehent‚u
926 3411 1082 3478 sententia
1094 3411 1152 3474 rim

217 3554 252 3620 tt)
263 3555 433 3606 Decretalium
449 3557 491 3609 lib.
509 3559 541 3622 11,
553 3559 595 3611 tit.
607 3574 637 3624 ιι,
646 3561 677 3612 de
691 3563 756 3614 Foro
769 3566 928 3628 competente.
