2604 4264
200 271 255 334 aas
369 283 526 330 axrosrrro
547 281 725 328 unrnomca
747 281 830 328 rums
851 280 1004 327 canonici.

238 401 334 464 Proh.
360 404 392 461 2.
417 399 472 460 Ea
499 397 646 459 voluntate
668 395 790 460 Christi.
821 395 974 458 Dominus
997 394 1183 457 Ecclesiam

197 497 335 561 instituit
352 496 389 557 iis
408 495 554 558 omnibus
577 494 776 570 instructam,
796 513 867 574 quae
887 495 991 555 forent
1012 494 1050 553 ad
1078 494 1183 553 finem

198 596 459 674 consequendum
476 590 667 656 necessaria,
683 591 779 672 Atqui
791 592 942 654 Ecclesia
961 588 1181 653 necessarium

198 699 247 757 est
265 694 317 772 jus
330 690 517 770 acquirendi
541 691 636 766 bona,
653 691 736 754 unde
756 690 857 768 possit
877 687 1056 767 sumptibus
1077 685 1178 747 divini

198 792 303 856 cultus
322 791 513 865 satisfacere,
533 807 605 852 suos
620 789 782 850 ministros
794 788 890 863 alere,
910 786 1059 866 operibus
1075 784 1180 847 chari-

198 889 272 953 tatis
287 889 415 948 instare.
426 886 524 966 Igitur
544 903 582 949 ex
602 904 657 947 sua
671 884 871 948 institutione
890 891 920 947 et
935 884 1051 946 Christi
1064 883 1181 944 volun-

198 992 274 1062 tate,
285 985 382 1047 habet
392 986 441 1064 jus
455 985 516 1046 sibi
528 985 734 1063 comparandi
746 983 829 1045 bona
843 985 891 1045 vel
905 983 1036 1044 mobilia
1049 982 1098 1043 vel
1112 984 1179 1041 sta·

134 1125 137 1131 -
200 1083 289 1146 bilia.
326 1089 328 1094 '

239 1182 330 1244 Unde
354 1181 502 1241 damnata
524 1183 570 1242 est
590 1179 661 1241 haec
680 1179 855 1259 propositio
880 1197 888 1240 :
913 1175 1090 1238 «Ecclesia
1110 1191 1181 1235 non

198 1278 295 1340 babet
318 1277 458 1338 nativum
477 1293 514 1338 ac
534 1274 712 1355 legitimum
731 1278 782 1357 jus
801 1275 988 1357 acquirendi
1014 1290 1051 1335 ac
1077 1269 1182 1351 possi-

198 1374 296 1438 dendi
313 1375 364 1454 (l).
381 1397 395 1431 u
1017 1433 1021 1440 .

236 1476 312 1535 Hac
331 1476 470 1550 potestas
492 1469 642 1534 divinitus
659 1473 776 1534 tradita
797 1475 1004 1535 confirmatur
1030 1465 1180 1548 exemplo

197 1569 312 1632 Christi
334 1574 365 1630 et
378 1566 466 1646 praxi
478 1569 640 1631 Ecclesia.
656 1571 727 1649 Ipse
745 1569 885 1632 Christus
906 1568 1019 1631 habuit
1039 1565 1177 1640 loculos,

197 1683 271 1730 curn
303 1665 417 1744 quibus
449 1666 614 1746 discipulis
644 1673 676 1729 et
714 1667 905 1748 pauperibus
943 1665 1177 1744 opitularetur;

197 1761 312 1825 Christi
328 1763 509 1842 exemplum
528 1763 629 1827 secuti
656 1770 729 1827 sunt
743 1764 897 1844 Apostoli,
919 1779 1095 1841 eorumque
1107 1777 1180 1835 sue·

197 1877 350 1924 cessores.
377 1860 585 1924 Saevientibus
603 1863 748 1940 priorum
771 1864 963 1925 seculorum
979 1859 1181 1940 perseeutio-

196 1957 301 2033 nibus,
317 1959 458 2036 quamvis
471 1959 556 2038 leges
576 1957 684 2021 civiles
701 1960 874 2036 obstarent,
890 1960 1060 2038 quominus
1070 1956 1182 2019 Eccle-

197 2055 243 2116 sia
263 2057 492 2133 temporalibus
511 2055 604 2117 bonis
620 2057 789 2136 potiretur,
805 2057 905 2136 ipsam
925 2063 1034 2118 tamen
1049 2056 1177 2126 domos,

196 2169 299 2230 agros,
314 2153 438 2231 aliaque
452 2152 537 2214 bona
551 2155 700 2232 adeptam
715 2171 794 2229 esse,
811 2159 1015 2233 compertum
1034 2156 1094 2213 est.

233 2250 272 2311 ll.
289 2251 366 2311 Inde
381 2251 540 2330 colligitur
555 2250 714 2312 invalidum
732 2271 790 2313 esse
812 2251 902 2333 legem
922 2233 1178 2322 Amortr'zotiont's,

196 2363 292 2424 quem
302 2349 398 2409 etiam
410 2368 550 2409 manuum
563 2355 882 2426 mortuarumvocant,
893 2365 1006 2428 nempe
1019 2343 1182 2424 Principis

195 2444 348 2520 edictum,
365 2464 429 2524 quo
443 2447 620 2526 generatim
641 2446 789 2510 statuitur
809 2464 851 2508 ne
876 2465 927 2508 res
942 2443 1124 2506 immobiles
1144 2441 1182 2502 in

194 2543 352 2604 Ecclesiae
365 2545 432 2604 sine
447 2560 605 2606 consensu
624 2545 724 2607 civilis
746 2545 917 2625 potestatis
935 2543 1180 2604 transferantur.

235 2640 329 2702 Prob.
356 2643 384 2701 l.
407 2641 463 2701 lus
484 2640 636 2703 Ecclesiae
655 2641 852 2721 acquirendi,
873 2643 913 2702 ad
935 2657 1083 2702 normam
1101 2654 1184 2700 con·

195 2753 281 2814 grute
297 2734 467 2798 dotationis
485 2742 517 2798 et
525 2740 774 2816 sustentationis,
789 2723 836 2801 e'st
851 2739 1005 2800 divinum.
1022 2736 1121 2814 Atqui
1136 2735 1182 2795 ad

195 2832 371 2894 Ecclesiam
400 2839 520 2911 spectat
538 2835 610 2913 jura
628 2833 688 2914 ipsi
703 2834 851 2898 divinitus
870 2835 987 2896 tradita
1002 2830 1181 2906 moderari,

196 2945 233 2989 ac
259 2929 394 3008 proinde
417 2930 561 3010 judicare
586 2934 625 2994 de
652 2950 791 3011 congrua
815 2933 1044 2994 sustentatione
1062 2948 1135 3011 quae
1150 2929 1183 2992 ei

196 3028 360 3106 competit.
382 3031 465 3108 Ergo
491 3029 610 3108 iniquae
634 3037 707 3092 sunt
735 3032 820 3110 leges
837 3029 1088 3092 amortizationis
1106 3045 1184 3107 quae

194 3119 268 3181 huic
281 3123 418 3186 libertati
431 3125 582 3189 Ecclesiae
596 3127 727 3208 ejusque
734 3129 860 3207 juribus
875 3129 1095 3189 adversantur.

235 3217 330 3277 Proh.
358 3223 386 3280 2.
413 3223 476 3282 Lex
500 3223 668 3302 ejusmodi,
693 3242 754 3304 qua
780 3225 862 3286 cives
884 3229 1031 3286 vetantur
1054 3221 1183 3302 aliquid

194 3313 353 3374 bonorum
372 3334 503 3379 suorum
526 3319 560 3380 in
581 3321 731 3383 Ecclesiis
751 3323 881 3395 donare,
901 3321 1019 3399 injusta
1034 3325 1094 3396 est,
1114 3337 1184 3381 non

195 3411 299 3472 solum
310 3410 418 3472 habita
441 3415 563 3479 ratione
574 3419 842 3498 Ecclesiae,quam
857 3416 996 3497 impedit
1005 3417 1185 3498 quominus

238 3606 257 3664 l)
268 3604 328 3654 Pius
337 3603 379 3664 lx,
392 3603 513 3666 Syllabas
525 3619 652 3670 errorum,
666 3609 754 3658 xxvl.
