2618 4252
437 275 511 319 PARS
533 274 697 320 sentinus·
1008 273 1058 320 281

124 393 187 454 Ista
212 390 376 452 translatio
400 389 439 452 ab
460 391 621 470 Episcopo
648 395 799 470 tanquam
816 405 909 468 poena
933 390 1064 452 decerni

84 494 197 570 potest.
215 491 249 551 ld
261 487 413 566 probatur
424 505 462 549 ex
476 487 693 550 Decretalibus
707 507 713 548 :
731 509 745 544 u
758 488 791 550 Si
803 489 978 566 Episcopus
990 505 1065 550 cau-

10 615 11 630 *
83 606 151 650 sam
171 587 345 668 inspexerit
366 585 588 660 necessariam,
606 584 692 646 licite
714 584 832 662 poterit
850 585 890 646 de
912 603 977 646 uno
990 586 1063 647 loco

83 688 124 747 ad
137 687 235 748 alium
253 685 427 750 transferre
444 701 615 763 personas;
628 687 665 744 ut
677 700 748 761 quae
760 681 814 742 uni
827 683 900 744 loco
915 687 989 768 sunt
1003 683 1064 743 mi-

84 785 257 861 nusutiles,
272 783 349 847 alibi
367 800 401 844 se
415 784 540 844 valeant
552 781 662 842 utilius
674 797 821 842 exercere
835 780 884 862 ll).
906 802 921 838 u

124 883 259 944 Accedit
279 899 390 944 recens
412 880 585 942 declaratio
605 879 866 958 congregationis
884 879 1018 942 concilii
1033 879 1064 940 in

83 977 475 1059 causabimburgensiffl).

124 1075 162 1136 Il.
181 1075 320 1138 Privatv'o
342 1074 474 1157 beneficii
496 1074 603 1136 differt
622 1093 641 1134 a
662 1074 869 1153 suspensione
888 1080 920 1136 et
938 1075 1065 1154 deposi-

84 1171 320 1252 tione-Differt
333 1192 350 1234 a
365 1172 558 1256 suspensione,
574 1177 644 1242 tum
662 1173 737 1250 quia
756 1171 970 1250 suspensionis
989 1189 1064 1234 cen-

86 1285 232 1330 suranon
245 1276 293 1334 est
306 1276 470 1349 perpetua,
487 1275 556 1331 tum
575 1269 728 1346 quianon
744 1269 857 1330 adimit
872 1270 1000 1330 titulum
1013 1268 1067 1329 be-

86 1366 204 1429 neflcii.
231 1367 343 1429 Differt
370 1385 389 1427 a
410 1366 593 1448 depositione,
619 1371 687 1428 tum
708 1365 782 1446 quia
805 1362 963 1444 depositio
984 1381 1067 1426 nun-

86 1481 185 1541 quam
202 1463 355 1544 infligitur
368 1464 430 1524 nisi
451 1464 513 1525 reis
538 1464 701 1540 convictis,
726 1468 796 1524 tum
810 1461 884 1542 quia
911 1467 1067 1541 praeterea

84 1560 212 1622 inducit
224 1561 456 1624 inhabilitatem
472 1563 511 1622 ad
527 1561 693 1623 beneficia.

128 1658 263 1722 Privatio
289 1659 434 1724 beneficii
461 1660 584 1722 duobus
612 1660 716 1722 modis
743 1658 917 1740 inducitur,
943 1659 1067 1721 scilicet

87 1757 136 1818 vel
153 1756 214 1838 naso
221 1757 306 1838 jura,
326 1757 374 1818 vel
394 1777 449 1838 per
468 1758 639 1818 sententanna
656 1755 918 1818 condemnatoriam
936 1757 1067 1834 judicis.

89 1851 258 1935 Utriusque
280 1854 466 1933 privationis
484 1856 613 1917 effectus
636 1855 786 1917 differunt
809 1874 816 1916 :
836 1871 874 1914 ex
892 1854 1068 1932 privatione

90 1953 159 2030 ipso
179 1953 249 2031 jure
271 1953 398 2016 incursa
411 1952 559 2033 ¹sequitur
575 1952 704 2013 amissio
723 1951 806 2014 tituli
827 1950 1022 2013 beneficialis
1038 1955 1069 2012 et

88 2050 250 2112 fructuum
266 2068 284 2111 a
301 2051 352 2112 die
373 2049 535 2112 commissi
555 2049 711 2111 criminis.
733 2049 765 2112 Si
784 2066 858 2111 vero
875 2048 1009 2129 privatio
1022 2048 1069 2108 in·

91 2149 188 2211 ducta
203 2152 249 2209 est
267 2165 323 2228 per
338 2148 528 2211 senteutiam
550 2147 856 2218 condemnatoriam,
873 2147 925 2206 isti
941 2147 1070 2208 ellectus

89 2261 157 2306 non
170 2245 374 2307 incurruntur
386 2247 445 2306 nisi
459 2264 478 2306 a
490 2250 634 2324 tempore
648 2244 813 2307 sententia
825 2245 907 2306 latae.

132 2341 234 2420 Supra
246 2348 451 2405 recensentur
468 2347 537 2404 tum
551 2342 685 2404 crimina
701 2341 844 2403 enormia
862 2339 902 2402 ob
916 2358 987 2420 quae
1002 2340 1071 2421 ipso

91 2441 164 2518 jure
180 2439 336 2502 benellcia
348 2444 470 2515 vacant,
487 2445 555 2502 tum
571 2439 687 2502 delicta
701 2439 743 2501 ob
766 2457 836 2518 quae
857 2440 992 2517 privatio
1013 2439 1073 2500 be·

8 2595 12 2610 ,
93 2537 199 2599 neficii
214 2539 344 2600 decerni
359 2543 464 2618 potest
480 2555 537 2618 per
555 2536 742 2599 sententiam
754 2537 872 2617 judicis
886 2536 938 2616 (3).

134 2635 185 2697 Ill.
205 2635 379 2697 Intotr'titos
391 2637 430 2697 ad
445 2637 550 2698 olficia
567 2641 599 2697 et
612 2634 770 2697 beneficia
783 2633 953 2694 invalidam
968 2629 1075 2692 reddit

96 2732 299 2795 collationem
321 2731 453 2794 inhabili
471 2735 602 2794 tactam.
620 2734 695 2792 Ilaeo
710 2747 803 2809 prena
822 2718 926 2790 dillert
939 2745 956 2788 a
970 2727 1076 2810 priva·

97 2829 184 2892 tione
192 2831 353 2906 beneficii,
367 2836 436 2891 tum
453 2830 526 2909 quia
539 2829 605 2889 sola
619 2829 753 2908 privatio
767 2844 832 2887 non
849 2825 974 2886 inducit
985 2823 1077 2885 inha-

96 2927 263 3001 bilitatem,
279 2933 349 2989 tum
367 2926 441 3012 quja
456 2924 636 2987 inhabilitas
649 2942 708 3003 per
725 2940 832 2984 senon
843 2920 1077 3000 inducitpriva·

96 3026 218 3086 tionem
232 3021 380 3084 beneficii
395 3027 487 3084 antea
500 3020 632 3083 obtenti.
689 3087 690 3090 Ἴ

139 3118 261 3200 Saepius
278 3119 459 3180 inhabilitas
477 3119 619 3200 infertur,
630 3133 668 3177 ex
683 3115 745 3176 alia
759 3132 863 3195 poena,
885 3134 913 3177 v.
938 3134 967 3196 g.
985 3133 1021 3176 cx
1036 3115 1079 3175 ir-

100 3214 303 3298 regularitate
315 3218 362 3278 vel
376 3215 586 3295 depositione.

132 3380 167 3438 (1)
186 3374 357 3426 Decretnliam
368 3347 413 3424 fib.
431 3377 460 3436 V,
471 3371 514 3424 tit.
531 3373 563 3424 de
574 3373 669 3424 Rerum
682 3374 878 3437 permutatione,
888 3385 945 3433 cap.
964 3385 990 3422 v.

130 3455 165 3518 (t)
186 3457 326 3506 Declaratio
343 3453 546 3518 Gorrgregationis
567 3453 681 3516 Consilii,
704 3457 732 3504 19
745 3453 857 3504 decemb.
883 3455 953 3504 last.
973 3451 1081 3500 -bna-

99 3528 244 3597 leccatoris
257 3535 387 3600 pontificii,
399 3549 465 3585 anno
478 3539 549 3597 1858,
563 3549 592 3598 p.
608 3538 661 3585 191.

133 3614 167 3680 (3)
184 3615 275 3680 Supra,
286 3623 351 3680 part.
367 3615 399 3679 ll,
414 3615 459 3667 lib.
473 3614 505 3676 ll,
518 3614 551 3665 de
565 3613 747 3679 Barveficiornm
760 3612 899 3664 vacatione.

913 3707 960 3754 lc.
