2618 4252
466 285 540 330 PARS
562 285 727 330 sacellus.
1032 286 1084 330 ala

104 423 227 484 rorum,
246 405 429 480 mulierum,
444 420 618 479 servorum,
636 402 753 466 civium
768 404 926 468 immutat.
943 405 1085 469 Societa-

104 513 171 568 tem
182 521 336 586 paganam
346 503 418 583 jure
428 500 601 564 christiano
613 501 783 577 informat3
798 502 944 564 fidelibus
954 520 1087 566 munera

106 603 236 683 publica
248 619 312 662 non
323 599 482 679 permittit
491 598 553 659 nisi
566 599 625 660 sub
639 599 734 661 certis
746 601 998 664 conditionibus
1009 603 1088 665 lude

108 699 321 780 exurgitnova
336 699 470 760 societas
488 713 562 758 cum
576 696 715 776 propriis
727 697 852 777 legibus
870 705 901 761 et
911 699 1085 778 judicibus.

152 797 254 872 Tertio,
277 801 394 877 praeter
417 794 638 875 poenitentiam
659 794 822 872 publicam
844 815 916 875 quae
937 798 1088 875 privatio·

106 912 182 956 nem
200 893 363 973 potestatis
379 891 543 971 importat,
559 889 712 969 Ecclesia,
736 892 844 954 medio
865 912 943 969 aevo,
966 894 1089 958 decidit

107 1011 198 1056 casus
220 990 424 1054 conscientiae
448 991 487 1051 de
510 989 694 1069 juramento
719 989 892 1052 fidelitatis.
918 993 1011 1070 Apud
1037 1008 1091 1054 na·

106 1091 211 1152 tiones
233 1085 467 1160 christianiatis,
484 1086 617 1164 quidam
637 1085 811 1165 principes,
836 1087 876 1149 ob
892 1088 1090 1166 pertinacem

107 1185 314 1249 violationem
333 1182 571 1247 constitutionis
587 1183 679 1262 cujus
696 1182 857 1262 praecipua
872 1203 942 1264 pars
956 1189 1024 1246 orat
1038 1203 1089 1246 re-

108 1284 198 1364 ligio,
216 1282 352 1362 depositi
373 1286 447 1342 sunt
461 1298 499 1342 ex
514 1281 667 1342 Ecclesiae
686 1280 841 1342 sententia
862 1298 958 1360 quam
980 1281 1089 1361 populi

110 1378 357 1460 exequebantur.
374 1381 532 1440 Praeterea
550 1375 679 1456 regibus
697 1377 878 1439 christianis
892 1377 1090 1440 consecratio

110 1473 1089 1555 conterebatsimulmajoremauctoritatemetgravioraofficia.

153 1573 277 1650 Quarto,
290 1570 414 1634 saeculis
430 1570 662 1634 recentioribus
674 1570 758 1633 aetio
774 1571 924 1634 Ecclesiae
944 1589 1018 1652 erga
1035 1589 1092 1632 na-

110 1671 214 1733 tiones
230 1668 595 1732 christianasexercetur
611 1670 790 1748 prasertim
808 1687 865 1746 per
885 1657 1088 1731 concordata.

151 1770 182 1828 5.
210 1766 367 1827 Probatur
399 1784 436 1827 ec
474 1765 691 1847 delinitionibus
728 1764 945 1828 ecclesiasticas..
966 1767 1061 1829 Bonis
1083 1801 1092 1812 =

112 1863 179 1925 cius
203 1865 272 1927 vlll
298 1865 420 1949 docet:
451 1865 611 1941 «Oportet
631 1863 843 1942 temporalem
868 1864 1090 1926 auctoritatem

11 2039 12 2050 .
113 1960 249 2040 spiritali
272 1959 385 2040 subjici
408 1961 598 2040 potestati...
624 1960 760 2022 Subesse
782 1962 926 2022 Romano
945 1962 1093 2023 Pontifici

11 2057 13 2112 t
113 2077 245 2122 omnem
259 2059 429 2121 humanam
442 2064 632 2135 creaturam,
647 2057 817 2119 definimus
828 2075 894 2121 esse
906 2058 1038 2120 omnino
1052 2059 1092 2118 de

114 2157 302 2220 necessitate
322 2154 430 2217 salutis
446 2155 499 2236 (l).
515 2177 530 2215 r

153 2255 229 2318 Pius
244 2255 305 2316 IX:
325 2239 485 2316 «Errores
498 2271 536 2315 eo
553 2252 756 2332 potissimum
772 2259 926 2333 spectant,
944 2259 978 2316 ut
989 2255 1091 2334 impe-

116 2353 223 2415 diatur
245 2357 276 2414 et
297 2358 479 2414 amoveatur
501 2351 646 2413 salutaris
669 2351 725 2412 illa
745 2351 802 2424 vis,
824 2369 918 2431 quarn
940 2352 1095 2414 catholica

114 2449 259 2512 Ecclesia
275 2467 311 2510 ex
325 2449 422 2510 divini
442 2449 489 2510 sui
507 2448 656 2510 Auctoris
675 2447 872 2510 institutione
886 2457 917 2510 et
932 2448 1093 2524 mandato,

115 2546 216 2609 libere
231 2563 378 2608 exercere
389 2545 485 2607 debet
497 2563 564 2606 non
577 2543 680 2606 minus
694 2562 769 2624 erga
783 2546 922 2625 singulos
935 2545 1092 2621 homines,

117 2661 212 2725 quam
231 2661 304 2722 erga
317 2642 472 2721 nationes,
488 2644 622 2722 populos
645 2661 851 2723 summosque
871 2659 981 2704 eorum
1004 2641 1095 2702 Prin-

118 2742 205 2823 cipes
223 2741 276 2822 (ἓ).
292 2763 305 2800 ι)

157 2839 206 2901 Ab
217 2833 332 2901 eodem
342 2839 496 2900 Pontifice
507 2839 663 2898 damnatae
679 2842 754 2897 sunt
763 2838 832 2898 istae
842 2835 1092 2914 propositiones:

123 2958 138 2996 u
151 2938 188 2998 ln
201 2936 352 2996 conflictu
364 2934 471 3014 legum
484 2933 648 3011 utriusque
659 2932 835 3011 potestatis,
847 2933 899 3011 jus
914 2931 1004 2993 civile
1017 2949 1096 3010 prae-

117 3035 238 3096 valet...
251 3034 352 3112 Reges
366 3036 399 3092 et
414 3029 576 3109 Principes
590 3046 654 3091 non
668 3029 772 3090 solum
786 3030 826 3090 ab
841 3029 991 3091 Ecclesiae
1002 3029 1098 3109 juris-

119 3130 261 3192 dictione
273 3129 466 3202 eximuntur,
478 3144 587 3189 verum
603 3126 742 3188 etiamin
757 3125 992 3206 quaestionibus
1004 3123 1100 3206 juris·

75 3284 78 3295 .
119 3226 270 3291 dictionis
285 3225 473 3288 dirimendis
488 3223 666 3303 superiores
679 3227 752 3285 suut
766 3222 909 3286 Ecclesia
925 3223 976 3304 (3).
991 3247 1004 3284 r
1045 3229 1075 3262 ⁶·

151 3400 186 3462 (l)
200 3399 320 3450 Bonifacii
333 3399 388 3450 Vlll
404 3407 481 3450 coust.
497 3400 574 3449 Unam
586 3401 709 3449 sanctam.

150 3479 189 3544 (2)
200 3479 238 3529 Pii
248 3481 281 3528 lx
292 3479 393 3530 Litterae
406 3480 537 3543 encyclicae
548 3479 649 3541 Quanta
660 3493 729 3529 cura.

126 3577 131 3582 ·
149 3557 183 3621 (3)
199 3559 238 3608 Pii
251 3559 284 3608 lx
302 3557 421 3623 Syllabas
436 3559 602 3624 complectens
616 3557 758 3621 praecipuos
773 3559 857 3608 aetatis
879 3565 969 3609 nostrae
993 3571 1099 3618 errores,

121 3643 163 3702 42,
177 3641 218 3690 st.

240 3735 276 3781 11.
966 3733 999 3783 la
