2590 4262
422 265 514 334 'rans
535 289 698 337 sanciatus.
1004 295 1056 342 ssa

75 409 144 465 tem
163 401 311 465 vitandis.
333 404 400 464 Hoc
424 408 532 464 tamen
548 405 831 468 excommunicatis
852 409 1057 486 permittitur,

76 506 113 563 ut
128 501 321 563 concionem
334 517 392 578 pro
409 517 464 561 sua
476 501 684 564 conversione
698 504 838 566 audiant.

281 701 305 748 3.
321 697 431 747 Privatio
444 697 675 749 communicationis
688 701 796 762 politicen
811 703 852 762 (l).

119 854 145 914 Ι.
161 851 301 912 Prioate‘o
309 851 578 911 communicationis
588 850 724 931 forensis.
739 855 775 915 ln
787 854 919 934 judiciis
934 872 1062 917 excom·

77 947 417 1010 municatus'vitandus
434 967 499 1009 non
518 953 623 1028 potest
639 967 708 1012 esse
721 951 829 1029 judex,
853 956 953 1028 actor,
966 953 1062 1014 advo-

76 1049 180 1120 catus,
194 1044 300 1108 testis.
321 1047 403 1107 Reus
417 1062 491 1106 vero
503 1061 568 1105 non
586 1051 714 1108 arcetur
726 1064 745 1107 a
759 1046 902 1125 judicio;
925 1047 1061 1126 proinde

76 1142 140 1222 ipsi
158 1143 313 1220 permissa
327 1146 374 1203 est
394 1142 497 1203 omnis
511 1141 664 1205 defensio.

118 1239 421 1302 Exoommunicatus
451 1241 617 1317 toleratus,
640 1245 725 1301 stans
748 1239 935 1320 injudicio,
959 1241 1061 1302 valide
1092 1231 1097 1242 ’

74 1337 164 1416 agit3
182 1338 236 1399 sed
255 1337 368 1416 repelli
382 1342 499 1416 potest.

117 1436 155 1496 ΙΙ.
172 1434 312 1496 Prioets'o
334 1435 480 1496 societatis
502 1435 608 1498 eioibb.
627 1436 778 1500 Actiones
803 1436 921 1512 civiles,
946 1435 1061 1515 quibus

76 1532 221 1610 privatur
249 1533 560 1618 excommunicatus,
576 1533 639 1594 hoo
670 1533 827 1596 versiculo
848 1533 1061 1612 comprehen-

78 1629 204 1690 duntur
221 1648 228 1691 ε

260 1788 302 1849 Os,
318 1802 402 1849 orosa,
420 1787 483 1849 vnn,
499 1789 649 1850 communio,
666 1803 753 1839 menso
767 1793 882 1853 negatur.

117 1946 239 2004 Praeter
254 1943 583 2028 communicationem
595 1944 629 2004 in
639 1942 751 2004 divinis
766 1943 885 2024 (orere),
900 1963 930 2004 os
944 1944 1061 2024 signiti-

77 2047 130 2102 oat
144 2041 292 2102 osculum
306 2041 404 2119 pacis,
425 2046 456 2103 et
475 2041 536 2101 alia
555 2041 785 2106 benevolentias
801 2041 898 2122 signa.
912 2041 971 2102 Per
990 2059 1061 2103 ver·

78 2137 157 2197 bum
171 2136 235 2198 onie
253 2136 443 2216 prohibetur
456 2136 634 2200 honorifica
651 2138 809 2212 salutatio,
834 2156 896 2215 qua
914 2136 1061 2218 indignus

78 2238 128 2295 est
146 2234 457 2309 excommunicatns3
475 2234 506 2294 id
521 2234 712 2314 intelligitur
734 2236 773 2297 de
797 2234 985 2296 salutatione
996 2253 1062 2298 non

78 2331 267 2394 necessaria.
296 2331 487 2393 Nominibus
509 2332 671 2392 communio
695 2337 727 2394 et
754 2351 851 2393 mensa
874 2332 1062 2412 intelligitur

77 2429 233 2508 quaelibet
242 2429 376 2493 societas
395 2430 428 2490 in
446 2427 583 2510 negotiis
596 2431 794 2510 peragendis,
808 2429 1057 2505 inhabitatione,
1106 2497 1111 2505 ,

85 2528 120 2588 in
132 2527 291 2590 convictu.
519 2531 536 2570 ⁴

116 2626 173 2686 lll.
191 2622 295 2686 Conso
308 2632 476 2686 excusantes
489 2625 803 2688 excommunicatum
813 2629 902 2686 actus
917 2622 977 2683 sibi
989 2640 1062 2701 pro·
1158 2663 1160 2668 -

78 2721 197 2783 hibitos
212 2727 428 2785 exercentem.

117 2822 147 2880 l.
162 2820 298 2896 Propter
315 2819 551 2894 necessitatem,
569 2839 598 2882 v.
616 2839 646 2900 g.
661 2820 695 2880 in
709 2817 854 2899 periculo
870 2815 994 2890 mortis,
1011 2815 1063 2874 in-

78 2915 196 2991 famiae,
221 2916 321 2995 gravis
333 2917 467 2995 jaeturae
490 2918 662 2996 honorum,
677 2916 954 2977 excommunicato
974 2913 1062 2976 licita

78 3017 126 3073 est
139 3031 206 3074 non
218 3015 321 3074 solum
336 3014 585 3075 communicatio
610 3012 723 3089 civilis,
741 3029 851 3073 verum
875 3013 972 3074 etiam
993 3029 1059 3074 sus·

79 3110 184 3188 ceptio
202 3115 233 3171 et
247 3111 481 3172 administratio
504 3115 791 3181 sacramentorum
817 3109 936 3170 etenim
959 3110 993 3171 in
1011 3109 1060 3169 his
1125 3147 1127 3151 -

79 3207 203 3268 casibus
218 3208 325 3268 arduis
341 3208 484 3269 Ecclesia
497 3194 567 3269 non'
586 3211 734 3268 censetur
748 3205 899 3283 obligare.

117 3307 148 3364 2.
166 3306 208 3366 Ut
232 3305 527 3368 excommunicatus
556 3305 709 3368 toleratus
730 3303 932 3366 administret
956 3320 1060 3365 sacra-

80 3401 197 3470 menta,
215 3399 331 3460 suliioit
344 3397 459 3476 petitio
474 3398 630 3459 fidelium.

111 3549 146 3611 ll)
165 3549 277 3612 Pirbing‚
296 3551 342 3600 ius
359 3550 563 3611 ecclesiasticum,
575 3551 619 3600 lib.
634 3551 663 3611 V,
678 3550 716 3599 tit.
733 3564 819 3607 xxxix,
832 3549 863 3600 de
878 3549 1005 3601 Sententia
1016 3561 1060 3598 eo·

80 3629 323 3680 communicationis.
