2590 4262
457 252 531 297 PARS
559 252 723 300 sanemus.
1026 264 1077 312 ttl

93 378 202 435 movet
234 377 265 435 et
301 370 385 433 civili
416 368 566 448 potestati
596 369 712 432 debitis
740 375 843 452 poenis
873 377 1078 442 afficiendum

92 471 222 532 tradit.-

135 569 188 629 lll.
206 565 326 628 Batnae
335 565 413 646 finis,
431 581 534 643 poenae
549 565 735 628 dividuntur
748 566 781 628 in
794 569 985 648 medicinales,
1005 591 1081 653 qua·

93 665 143 725 les
162 669 237 724 sunt
256 662 453 743 pmnitentiae
467 666 499 745 et
516 678 669 738 censurae,
687 668 719 724 et
741 665 774 725 in
798 667 989 730 vindicatione
1007 689 1080 750 qum

92 762 229 841 proprie
245 760 395 821 dicuntur
408 777 511 838 poenoe.
658 767 661 774 '

137 863 167 920 l.
188 860 285 938 Hujus
307 856 486 936 partitionis
514 856 594 918 ratio
624 858 717 919 variis
744 862 848 922 modis
874 865 1076 941 proponitur.

93 957 211 1031 Pramo,
226 963 292 1018 tres
315 959 388 1015 sunt
412 951 611 1014 conditiones
636 955 913 1033 delinquentium:
934 959 997 1034 alii,
1017 961 1083 1021 sin·

94 1073 172 1117 cero
188 1054 299 1114 dolore
314 1048 464 1128 correpti,
485 1051 680 1110 confitentur
696 1054 830 1128 crimen,
846 1056 886 1114 ad
901 1057 1078 1133 legitimam

94 1157 305 1231 peccatorum
324 1147 537 1225 expiationem
553 1147 673 1224 parati;
692 1149 744 1208 alii
760 1157 962 1214 contumaces
974 1154 1080 1214 corri-

94 1248 198 1328 pienti
211 1245 362 1308 Ecclesiae
377 1242 545 1316 obsistunt,
564 1245 603 1304 de
618 1243 734 1322 quibus
749 1251 855 1308 tamen
869 1255 916 1311 est
928 1248 1078 1329 probabi-

93 1347 135 1408 lis
151 1363 222 1424 spes
238 1343 324 1422 quod
338 1341 425 1402 brevi
445 1341 652 1422 resipiscant3
669 1341 722 1402 alii
746 1345 876 1404 demum
899 1346 1082 1424 pervicaces

94 1441 281 1504 incrimine
302 1443 515 1517 perseverant,
538 1437 661 1499 sublata
682 1455 737 1517 spe
759 1441 985 1504 conversionis,
1014 1445 1081 1504 Ad-

93 1557 208 1602 versus
227 1537 345 1616 primos
358 1534 549 1615 poenitentias,
569 1535 717 1596 adversus
733 1537 925 1615 posteriores
937 1539 1076 1614 censuris,

94 1637 247 1699 adversus
260 1638 436 1712 postremos
444 1632 537 1712 penis
546 1631 726 1694 uindicatiois
738 1635 878 1696 Ecclesia
892 1635 1081 1714 regulariter

95 1729 348 1809 animadvertit(
368 1729 390 1806 ).

136 1827 283 1903 Secundo,
305 1828 339 1886 in
354 1826 481 1888 delictis
493 1827 575 1888 inest
592 1827 742 1907 corruptio
763 1828 989 1907 delinquentis,
1009 1849 1078 1892 con-

98 1935 224 2007 templus
242 1927 360 2004 legum,
376 1930 408 1985 et
423 1925 553 2004 contagio
572 1923 647 1986 mali
670 1924 805 2003 exempli
822 1945 830 1999 3
846 1929 1079 2005 proptereatri·

96 2026 170 2105 plex
188 2039 355 2102 poenarum
380 2039 479 2099 genus
498 2023 531 2082 in
554 2023 624 2084 loro
649 2023 804 2085 canonico
827 2024 935 2084 locum
961 2025 1076 2100 hahet;

97 2123 250 2183 videlicet
267 2119 445 2202 penitentie
458 2119 493 2179 in
513 2136 566 2180 eos
588 2119 642 2196 qui
664 2121 878 2195 confitentur;
895 2141 1023 2184 censuroe
1037 2124 1076 2183 ad

98 2221 249 2282 tuendam
270 2217 492 2280 auctoritatem
516 2215 679 2291 Ecclesia,
704 2221 734 2278 et
757 2220 991 2280 contumaciam
1009 2237 1078 2282 reo·

96 2334 170 2378 rum
183 2317 389 2395 frangendam
401 2334 409 2389 ;
419 2333 513 2394 poenoe
525 2313 718 2389 vindiceticoe,
733 2333 867 2393 quarum
878 2319 1006 2380 effectus
1022 2319 1078 2380 ali-

96 2416 169 2494 quis
183 2422 256 2494 post
270 2421 432 2494 peractam
446 2413 667 2492 poenitentiam
678 2422 822 2476 remanet
836 2416 888 2496 (E).

135 2517 165 2575 2.
183 2512 361 2574 Pcnitcntin
379 2512 438 2572 sita
458 2516 506 2573 est
524 2511 558 2571 in
573 2511 667 2573 certis
679 2511 741 2590 piis
754 2514 904 2592 operibus
927 2533 945 2576 a
966 2531 1078 2594 pecca·

97 2617 166 2672 tore
190 2616 246 2672 aut
272 2615 384 2689 sponte
401 2609 558 2688 susceptis
579 2615 633 2671 aut
655 2609 695 2670 ab
721 2612 863 2673 Ecclesia
879 2609 1074 2689 impetratis,

97 2727 126 2770 n.
154 2727 183 2796 g.
198 2709 209 2769 i
223 2728 245 2768 n
256 2708 388 2788 jeJ'unio,
407 2708 623 2787 eleemosyna,
640 2708 795 2783 oratione,
812 2706 1079 2786 peregrinationi-

98 2806 165 2868 bus.
178 2809 299 2868 Praetor
309 2807 529 2884 poenitentiam
540 2809 654 2882 sponte
668 2811 860 2883 susceptam,
873 2803 1077 2883 distinguitur

0 2961 1 2970 ,
97 2904 284 2986 poenitentia
300 2902 536 2964 sacramentalis
552 2918 570 2961 a
587 2900 805 2962 sacerdotibus
821 2901 854 2960 in
867 2902 937 2962 loro
951 2901 1077 2962 interno

87 3002 256 3082 imposita,
275 3008 308 3063 et
321 2999 509 3080 poenitentia
526 2997 655 3075 publica
669 2997 708 3058 ab
725 2998 763 3057 iis
780 2998 901 3060 indicta
916 2997 970 3076 qui
979 2997 1077 3076 juris-

100 3101 273 3165 dictionem
289 3105 453 3161 externam
466 3097 499 3156 in
511 3094 653 3156 Ecclesia
666 3099 825 3156 exercent.

138 3202 277 3262 Censura
298 3203 330 3259 et
352 3192 539 3276 poenitentia
558 3191 592 3251 in
610 3209 648 3253 eo
670 3189 872 3268 conveniunt,
894 3193 979 3271 quod
995 3192 1044 3254 ref
1062 3225 1078 3236 -

98 3303 207 3360 rantur
223 3296 426 3376 potissimum
447 3291 487 3351 ad
515 3289 771 3350 emendationem
798 3288 854 3364 rei,
881 3291 958 3352 dum
983 3309 1077 3370 penne

1 3399 2 3410 ¹
34 3469 36 3474 ,
100 3395 230 3474 respicit
255 3391 428 3454 vindictam
459 3387 633 3468 publicam.
663 3385 818 3447 Differunt
841 3405 914 3450 nero
942 3387 1077 3450 invicem

122 3540 162 3608 ,(11
177 3537 290 3597 Boterdi,
305 3533 490 3587 Commentario
504 3532 531 3580 in
545 3531 593 3595 jus
607 3530 809 3592 ecclesiasticam,
818 3538 838 3581 t.
853 3533 894 3594 lv,
910 3547 969 3594 pars
983 3535 1015 3593 ΙΙ,
1027 3533 1077 3580 dis·

98 3627 159 3671 sert.
177 3619 198 3668 1.
213 3643 240 3654 -
256 3614 292 3679 (2)
306 3617 435 3677 Zallinger,
452 3609 708 3674 insecclcsiosticcm,
719 3611 762 3663 lib.
779 3611 809 3673 V,
825 3613 865 3662 tit.
879 3627 974 3662 xxxrn.

219 3715 256 3759 11.
645 3727 650 3742 ·
925 3709 958 3754 lt
1023 3715 1026 3719 “
