2594 4286
470 285 543 342 rius
565 295 726 344 suberinis,
1049 298 1081 348 aa

94 436 151 494 liar
164 437 326 496 verutum
335 434 375 496 de
386 430 564 504 infantium,
578 435 647 492 tum
657 432 696 493 de
709 434 890 496 adultorum
904 435 1078 516 baptismo.

137 541 167 603 1.
194 539 412 622 Ileiasunlibas
428 538 570 602 Ecclesia
596 539 715 618 statuit,
745 539 880 603 infantes
900 544 1084 611 ludaeorum

93 638 216 702 inritis
227 655 339 701 eorum
350 636 533 718 parentibus
545 653 609 698 non
622 653 689 698 esse
703 635 918 718 baptizandos,
930 647 999 703 tum
1012 643 1086 722 quia

91 735 129 796 id
147 742 240 800 esset
252 742 362 798 contra
381 734 535 814 iustitiam
550 735 729 796 naturalem
751 753 823 816 erga
844 745 1000 816 parentes,
1018 745 1086 802 tum

92 835 186 914 quia
200 834 378 896 timendum
390 836 482 906 esset,
499 848 539 892 ne
554 832 593 891 ad
607 832 827 896 infidelitatem
840 835 992 898 redirent.

140 933 220 994 Duo
229 937 354 994 tautum
365 948 454 994 casus
467 929 678 1010 excipiuntur,
693 932 806 1010 quibus
817 933 951 996 infantes
961 935 978 996 J
983 934 1087 996 udaeo·

92 1049 182 1092 rum
196 1035 227 1094 et
239 1030 375 1093 aliorum
388 1029 565 1091 infidelium
576 1031 822 1110 repugnantibus
838 1032 933 1095 'eliam
946 1030 1087 1110 parenti·

94 1127 482 1208 busbaptizaripossunt.
496 1129 585 1190 Prior
599 1133 656 1204 est,
674 1129 801 1207 quando
820 1129 977 1208 ejusmodi
994 1129 1092 1213 pueri¹

95 1231 274 1288 versantur
294 1225 328 1286 in
352 1231 494 1287 extremo
517 1226 628 1287 mortis
652 1227 813 1306 periculo;
844 1228 933 1302 alter,
959 1228 1086 1305 quando

99 1327 261 1404 parvulus
275 1329 391 1403 epatre
403 1323 523 1384 infideli
535 1323 664 1385 relictus
674 1323 842 1386 invenitur.

148 1423 183 1484 Si
199 1423 347 1502 quaedam
357 1420 483 1499 judaica
496 1421 601 1499 proles
615 1420 647 1480 in
672 1427 765 1484 aetate
776 1421 912 1484 infantili
928 1437 991 1484 non
1009 1436 1086 1482 con·
1184 1415 1187 1421 ’

101 1519 325 1581 sentientibus
335 1517 517 1597 parentibus
542 1519 589 1579 rel
616 1518 774 1580 tutoribus
802 1517 958 1598 baptizata
979 1516 1085 1595 luerit,

102 1617 290 1697 baptismus
306 1615 447 1697 quamvis
461 1615 572 1676 illicite
583 1616 727 1690 collatus,
744 1615 864 1678 validus
877 1622 984 1679 tamen
997 1621 1043 1677 est
1056 1620 1088 1677 et

104 1733 185 1778 suos
200 1715 330 1776 allectus
343 1714 447 1792 qrruad
463 1713 570 1774 omnia
587 1714 693 1775 sortiri
709 1712 813 1776 debet.

149 1815 229 1886 Quae
239 1811 402 1874 deludaeis
411 1811 586 1884 dictasunt,
595 1811 718 1873 caeteris
730 1811 905 1873 infidelium
916 1812 1088 1874 infantibus

105 1911 333 1991 applicantur;
361 1909 426 1970 imo
456 1909 572 1986 regula,
601 1909 720 1969 nullam
751 1910 873 1988 prolem
899 1908 1004 1970 invitis
1031 1927 1088 1988 pa-

104 2007 255 2071 rentibus
283 2025 302 2068 a
325 2007 477 2068 ministris
498 2005 663 2068 catholicis
689 2023 757 2068 esse
783 2005 1023 2086 baptizandam,
1048 2007 1087 2067 ad

104 2107 281 2170 haereticos
303 2123 429 2186 quoque
455 2109 487 2166 et
517 2105 734 2167 schismaticos
761 2123 828 2169 sese
852 2105 1003 2167 exlendit.

149 2207 191 2268 ΙΙ.
210 2203 318 2266 Adulta'
329 2205 368 2266 ad
393 2199 585 2283 baptismum
601 2211 676 2266 lunc
701 2203 827 2266 admitti
851 2209 995 2284 possunt,
1014 2220 1087 2266 eum

107 2303 174 2364 rite
190 2309 417 2383 preparantur,
438 2309 469 2364 et
482 2303 577 2364 rectis
593 2302 719 2364 motivis
734 2302 855 2364 inducti
873 2307 986 2382 sponte
999 2307 1032 2364 et
1051 2301 1089 2363 li-

107 2401 191 2463 bere
206 2401 401 2479 baptismum
416 2401 597 2479 implorant.

153 2502 186 2564 l.
211 2498 319 2561 Adulti
334 2499 519 2577 regulariter
540 2498 586 2560 illi
609 2503 790 2574 censentur,
808 2499 862 2578 qui
888 2497 1089 2578 septennium

108 2599 365 2676 compleverunt,
381 2613 479 2676 eaque
494 2602 568 2658 aelas
583 2597 727 2676 legitima
749 2603 924 2677 reputatur,
942 2615 1004 2677 qua
1019 2595 1089 2676 quis

109 2695 247 2776 proprio
263 2699 354 2758 motu
371 2695 410 2755 ad
426 2694 619 2773 baptismum
631 2694 821 2756 admittitur.

153 2793 298 2856 Diximus
309 2790 506 2874 repellentem
520 2808 591 2853 nam
608 2798 714 2872 potest
737 2794 932 2872 contingere,
956 2796 992 2854 ut
1012 2792 1091 2872 bap-

109 2893 201 2955 tismi
216 2892 333 2971 petitur
346 2890 442 2952 etiam
455 2907 519 2951 non
532 2891 694 2968 completo
705 2890 871 2969 septennio
884 2889 1036 2969 praeditus
1050 2889 1090 2952 sit
1206 2931 1208 2936 -

112 2990 292 3051 sufficiente
306 2988 442 3062 ratione,
453 2987 594 3066 'ideoque
611 2987 827 3067 baptizandus,
843 2987 918 3050 lieet
932 2987 1091 3048 reluctan-

112 3087 201 3149 tibus
212 3085 408 3167 parentibus.
422 3085 500 3148 Viee
511 3101 611 3160 versa,
625 3087 722 3147 etiam
747 3087 786 3146 de
810 3083 877 3161 illc,
895 3085 948 3165 qui
964 3090 1092 3164 septen-

109 3185 203 3248 nium
214 3185 280 3264 jam
293 3182 473 3261 complevit,
490 3182 628 3243 dubitari
638 3187 753 3262 potest,
764 3199 804 3244 an
818 3183 882 3246 doli
900 3199 998 3262 capax
1010 3183 1091 3246 exis-

108 3289 161 3348 tat
184 3288 237 3344 aut
256 3283 289 3343 in
307 3282 369 3342 fide
388 3281 461 3342 satis
478 3280 652 3342 instructus
667 3281 730 3360 'sit3
750 3287 832 3344 tunc
857 3287 1089 3346 sacramentum

110 3389 160 3445 est
174 3381 401 3444 differendum.

108 3595 247 3664 pontificii,
266 3600 287 3645 t.
309 3591 345 3656 ll,
361 3608 389 3657 p.
414 3597 468 3646 dot.
490 3620 519 3632 -
534 3595 651 3654 Berardi,
673 3595 900 3647 commentarium
921 3594 1083 3656 desecatae,
1182 3587 1184 3591 ’

110 3686 129 3729 t.
146 3679 185 3740 lv,
200 3691 224 3738 p.
235 3677 274 3726 58.

15 4057 384 4268 ih*
438 4220 559 4268 ism
645 4225 668 4246 '¹
