2604 4264
207 320 259 366 llt
378 316 535 363 uxroslrlo
555 315 732 363 uuruoulca
752 315 836 361 rums
859 316 1017 363 canolllcl.

244 437 387 500 Ecclesia
401 434 570 498 benedicta
583 451 641 514 per
654 433 854 496 sacerdotem
867 433 1104 497 reconciliatur.

245 537 320 598 Sola
343 532 555 596 celebratione
577 529 682 592 missae
707 547 772 591 non
793 532 1019 593 reconciliatur
1042 532 1189 593 Ecclesia

204 633 336 713 polluta.
365 631 456 692 Ratio
470 633 528 704 est,
543 629 618 707 quia
630 629 664 688 in
677 627 859 689 Pontificali
881 631 1026 692 Romano
1040 629 1188 708 praescri-

203 730 290 793 bitur
304 730 418 791 modus
429 724 659 790 reconciliandi
671 725 850 787 ecclesiam.

498 939 613 998 Qunmro
625 941 662 987 2¹.
671 964 702 974 -
713 937 751 990 Ila
765 947 905 986 oaaronus.

246 1093 385 1158 Oratoria
409 1092 559 1155 dicuntur
579 1092 696 1155 sacella
710 1090 743 1152 in
764 1090 850 1152 hunc
868 1091 965 1152 linem
981 1095 1137 1166 extructa,
1151 1097 1190 1153 ut

206 1191 251 1257 ibi
262 1192 357 1255 missa
371 1189 525 1254 celebrari
536 1191 648 1270 possit.
1070 1201 1073 1208 '

242 1327 264 1384 Ι.
292 1325 452 1382 Discrimen
464 1323 542 1379 inter
553 1323 712 1379 oratorium
724 1321 877 1395 publicum
892 1324 921 1377 et
934 1321 1092 1392 privatum.
1171 1399 1174 1408 Ι

243 1415 278 1471 ll.
291 1413 409 1482 Regulae
421 1411 456 1468 de
470 1411 604 1468 oratoriis
615 1411 742 1482 privatis.

252 1579 255 1584 ¹
317 1603 337 1651 l.
353 1627 383 1638 —
393 1601 532 1650 Discrlmen
544 1599 609 1650 inter
620 1599 756 1649 oratorium
770 1599 897 1662 publicum
906 1604 931 1648 et
943 1598 1080 1660 privatum.

248 1755 429 1819 Oratorium
456 1755 633 1834 publicum,
659 1754 800 1818 ecclesiis
824 1755 1113 1829 annumerandum,
1141 1770 1194 1816 se·

208 1853 379 1936 quentibus
398 1852 532 1916 criteriis
553 1853 592 1914 ab
608 1853 746 1917 oratorio
759 1854 882 1933 privato
900 1851 1114 1930 distinguitur.
1205 1879 1210 1884 ·

246 1952 363 2013 Primo.
380 1951 504 2030 Capella
517 1951 646 2031 publica
659 1958 705 2015 est
721 1970 759 2014 ea
774 1971 844 2030 quae
858 1952 954 2013 habet
964 1952 1145 2031 ingressum
1155 1949 1190 2010 in

206 2051 256 2112 via
269 2049 409 2127 publica.
429 2051 465 2110 lu
479 2048 653 2112 oratorium
666 2048 834 2128 privatum,
851 2048 930 2110 alius
943 2067 1008 2110 uon
1021 2051 1110 2128 patet
1123 2045 1191 2108 adi-

208 2151 258 2208 tus
272 2144 333 2206 uisi
347 2164 406 2224 per
426 2148 534 2208 locum
547 2145 719 2225 privatum.
1281 2216 1282 2219 Ἴ

246 2242 391 2305 Secundo.
410 2244 535 2322 Capella
552 2243 682 2323 publica
704 2251 751 2306 est
765 2261 835 2323 quae
855 2243 924 2306 usui
945 2241 1076 2322 publico
1092 2241 1189 2304 desti-

206 2345 311 2415 natur,
330 2338 374 2402 ita
389 2346 423 2402 ut
437 2341 546 2402 fideles
562 2340 594 2402 in
617 2358 688 2403 eam
707 2341 917 2404 admittantur
934 2345 973 2404 ad
995 2339 1189 2402 audiendam

210 2438 340 2500 missam
355 2439 395 2500 de
413 2443 589 2517 precepto

251 2532 357 2596 Tertio.
387 2533 540 2596 Oratoriis
561 2533 698 2614 publicis
729 2539 937 2598 accensentur
960 2535 1090 2614 capellae
1115 2552 1192 2614 quae

209 2631 493 2694 communitatibus
503 2633 688 2710 inserviunt,
702 2653 730 2697 v.
743 2653 774 2715 g.
786 2619 924 2697 oratoria
934 2633 1191 2708 seminariorum,

209 2729 425 2811 hospitalium,
444 2748 618 2805 carcerum,
637 2738 700 2794 etc.

427 2940 458 2988 ll.
471 2967 502 2976 -
522 2941 624 3003 Regale
639 2941 671 2991 de
682 2941 797 2992 oratoriis
809 2942 913 3004 privatis
923 2941 969 3005 (l).

248 3093 273 3152 Ι.
296 3093 441 3154 Facultus
455 3094 633 3157 concedendi
647 3095 779 3156 oratoria
791 3095 927 3176 privata.

251 3190 278 3249 l.
300 3191 382 3251 Ante
406 3192 580 3255 concilium
601 3192 836 3269 Tridentinum,
862 3197 987 3273 poterat
1007 3189 1199 3272 Episcopus

213 3287 393 3348 concedere
411 3288 573 3352 licentiam
589 3290 770 3353 celebrandi
783 3289 913 3353 missam
925 3289 958 3351 in
971 3287 1118 3352 oratoriis
1132 3288 1199 3368 pri-

210 3382 302 3446 vatis,
739 3407 744 3416 ·

250 3485 279 3543 2.
306 3484 356 3543 Ad
388 3482 503 3545 abusus
524 3490 744 3564 removendos,
773 3484 946 3549 concilium
967 3483 1193 3546 Tridentinum

244 3651 279 3716 (Ι)
294 3653 419 3718 Geticus,
430 3653 460 3705 de
470 3655 597 3706 Oratoriis
608 3657 763 3708 domesticis.
