2618 4252
226 287 279 336 m
392 281 548 334 EXPOSPHO
569 278 749 326 lathomos
768 279 853 326 tuuis
873 277 1029 324 cattorum.

225 405 464 477 stabiliendum,
486 413 644 462 summam
662 395 782 476 jurium
805 393 1043 475 pontificiorum
1064 397 1095 456 et
1116 393 1208 472 epis-

225 502 384 583 copalium
397 499 430 559 in
444 495 605 577 principes
619 493 784 554 saeculares
796 493 1037 566 transtulerunt,
1050 493 1105 571 qui
1117 492 1206 554 istud

224 600 274 680 jus
294 600 328 660 in
346 615 434 660 sacra
448 592 558 674 pronis
572 590 685 652 animis
700 593 919 668 acceptarunt.
935 591 1054 652 Verum
1072 590 1207 651 uthans

225 696 369 778 praxim,
397 690 558 772 prioribus
585 686 711 750 saeculis
737 685 949 765 incognitam,
978 684 1087 764 aliquo
1112 685 1208 748 titulo

226 795 426 866 decorarent,
438 782 827 864 innumerashypotheses
840 783 1071 862 excogitarunt,
1089 799 1129 843 ex
1142 782 1211 860 qui·

227 891 286 953 hus
304 888 482 970 praecipuas
500 884 618 946 reterre
633 882 777 970 interest,
797 897 914 960 nempe
934 886 1072 960 systema
1096 879 1209 961 episco-

222 988 299 1070 pale,
315 983 496 1049 territariale
512 987 544 1044 et
558 979 694 1060 calleyial
711 1025 718 1040 .
757 1021 758 1025 ,

265 1088 288 1150 l.
305 1088 400 1148 Juxta
412 1090 538 1165 systema
551 1076 722 1160 episcopale,
741 1077 827 1156 quod
842 1077 935 1138 unice
949 1077 989 1137 ad
1005 1077 1210 1138 Germaniam

226 1183 438 1260 restringitur,
464 1195 502 1240 ex
523 1177 618 1239 titulo
640 1174 852 1263 devoiutiouis
869 1173 920 1252 jus
944 1189 1109 1243 sacrorum
1132 1173 1212 1234 diri-

226 1281 403 1362 gendorum
421 1278 453 1338 in
470 1292 581 1337 manus
596 1273 781 1352 principum
796 1271 961 1334 devenisse
975 1277 1140 1333 censetur.
1155 1271 1211 1332 Jus

226 1378 416 1459 episcopale,
436 1372 595 1452 inquiunt,
619 1386 677 1447 per
701 1369 973 1431 Reformationem
989 1369 1022 1428 iu
1038 1367 1211 1430 territoriis

225 1470 460 1554 protestanticis
477 1484 677 1547 suspensum,
694 1471 727 1528 et
747 1467 862 1528 exinde
880 1468 918 1527 ad
935 1467 1098 1546 principes
1114 1483 1212 1529 evan·

226 1572 344 1650 gelicos
363 1568 549 1630 devolutum
562 1568 623 1628 est.
638 1566 717 1626 (ium
729 1568 837 1626 tamen
851 1564 921 1626 haec
942 1564 1127 1644 hypothesis
1145 1580 1212 1625 non

226 1669 337 1732 sitnisi
347 1661 946 1741 manifestumsophisma,inventasunt
956 1662 1210 1741 aliasystemata.
1306 1713 1307 1728 t

265 1766 304 1828 ΙΙ.
319 1762 496 1847 Systematis
508 1759 665 1841 collegiatis
680 1760 863 1822 defensores
881 1761 1015 1838 tingunt,
1029 1759 1210 1822 Ecclesiam

228 1860 388 1942 primitive
412 1858 582 1937 collegium
608 1857 780 1936 aequalium
808 1855 959 1933 extitisse,
986 1857 1074 1935 quod
1100 1861 1211 1920 umen

228 1960 327 2022 serius
343 1976 380 2020 ex
394 1955 581 2018 hierarchia
599 1953 804 2033 usurpatione
821 1954 946 2034 juribus
964 1953 1116 2016 omnihus
1132 1973 1210 2034 spo-

228 2058 340 2119 liatum
361 2055 414 2128 sit;
437 2055 573 2118 attacta
591 2052 829 2114 Reformatione
844 2051 1104 2131 jurisdictionem
1127 2052 1211 2131 epis·
1307 2130 1308 2134 Ἰ

228 2153 317 2232 copis
344 2155 488 2230 ereptam
514 2149 554 2211 ad
584 2149 831 2211 communitates
859 2149 1009 2227 rediisse,
1038 2149 1078 2211 ah
1105 2149 1211 2229 iisque
1303 2153 1308 2198 t

140 2317 144 2324 ,
227 2250 333 2312 lihera‘
345 2248 504 2309 voluntate
520 2246 710 2326 transfusam
723 2263 791 2309 esse
804 2245 836 2308 in
850 2248 1010 2327 principes
1028 2251 1211 2326 protestan-

227 2345 319 2420 ticos,
332 2343 447 2423 quihus
467 2343 604 2423 proinde
619 2343 736 2422 duplex
746 2343 866 2423 J'urium
880 2361 979 2423 genus
990 2345 1090 2406 relate
1103 2345 1145 2406 ad
1158 2361 1211 2406 re-

227 2441 381 2522 ligionem
407 2446 628 2520 competeret:
654 2441 728 2520 jura
754 2442 955 2521 majestatica
983 2460 1039 2504 seu
1073 2439 1210 2520 imperio

229 2557 360 2618 annexa,
374 2543 406 2601 et
418 2538 490 2618 jura
503 2537 682 2618 collegialia
694 2555 750 2601 seu
767 2538 806 2600 ah
819 2539 961 2602 ecclesiis
975 2544 1114 2619 accepta.

266 2636 321 2700 111.
344 2635 469 2698 Grotius
490 2634 694 2697 concinnavit
714 2645 841 2718 systema
864 2635 1052 2711 terra'toriale,
1072 2635 1111 2697 ah
1133 2635 1209 2697 aliis

228 2731 405 2795 accuratius
419 2730 593 2807 excultum,
608 2747 672 2808 quo
684 2729 736 2809 jus
748 2728 905 2809 dirigendi
917 2729 1104 2808 religionem
1115 2733 1147 2792 et
1157 2748 1210 2794 res

228 2829 459 2893 ecclesiasticas
470 2846 536 2890 non
549 2825 654 2889 minus
667 2827 848 2907 principum
861 2828 1019 2907 majestati
1031 2846 1070 2890 ex
1080 2828 1153 2907 jure
1162 2827 1213 2890 in·

226 2928 365 2990 trinseco
384 2933 568 3006 competere
593 2927 815 3007 praetenditur,
831 2945 927 3008 quam
942 2926 1108 3007 quodlibet
1123 2927 1212 2990 aliud

228 3025 390 3106 regiminis
410 3024 510 3086 civilis
536 3024 712 3108 objectum.
732 3025 821 3087 Istud
842 3031 979 3106 systema
1000 3027 1079 3087 duas
1100 3029 1213 3104 potes·

227 3129 306 3186 tates
320 3123 354 3184 in
366 3140 462 3184 unam
474 3123 643 3200 conflavit,
660 3122 781 3186 etenim
796 3141 834 3186 ex
846 3125 915 3185 solo
928 3125 1022 3186 titulo
1036 3123 1213 3202 superiori·

226 3221 298 3282 tatis
312 3221 520 3299 territorialis,
533 3225 564 3286 et
582 3239 620 3283 ex
634 3221 690 3284 illo
704 3219 882 3301 principio:
907 3221 1027 3301 «cujus
1043 3227 1093 3284 est
1106 3220 1209 3300 regia,

226 3318 309 3377 illius
330 3323 378 3379 est
401 3319 498 3381 etiam
519 3317 643 3398 religio,
658 3313 673 3377 a
695 3323 906 3397 protestantes
930 3319 1093 3399 integrum
1105 3317 1164 3399 jas
1181 3317 1212 3378 ia

225 3431 308 3474 sacia
324 3415 387 3474 suis
405 3416 606 3496 principibus
619 3415 834 3478 vindicarunt.

261 3512 315 3572 Pr(
325 3512 509 3574 testantium
529 3513 632 3592 praxis
644 3518 677 3575 et
692 3513 839 3576 doctrina
859 3530 926 3575 non
938 3513 1044 3594 potuit
1058 3511 1160 3577 etiam
1175 3512 1209 3573 in

223 3609 390 3677 societates
405 3609 576 3672 catholicas
590 3611 742 3674 nocivum
754 3609 909 3674 influxum
923 3628 988 3673 non
1002 3609 1133 3678 hahere.
1161 3643 1164 3646 ·
