2604 4264
479 194 554 240 PARS
575 195 741 242 spectans.
1040 199 1090 246 181

150 313 251 376 Proh.
261 312 355 374 aba
360 310 614 392 prociEcclesioe.
623 313 767 390 Apostoli
778 313 1091 391 collectasfeceruut3

108 413 237 492 ipsique
257 428 276 473 a
297 409 445 471 fidelibus
460 415 607 488 acceptas
629 411 870 474 distribuebant.
888 415 932 472 Ne
946 431 1095 492 procura-

107 510 198 573 tione
221 525 329 571 rerum
352 507 578 594 temporalium
601 526 619 568 a
640 508 817 571 ministerio
831 510 1089 589 distraherentur,

107 608 286 670 noulaicos
297 604 896 684 sedseptemdiaconoseoustituerunt‚
908 609 961 686 qui
971 625 1092 671 earum·

107 707 187 769 dem
202 723 308 768 rerum
322 722 407 766 curae
422 709 453 766 et
470 704 689 766 distributioni
708 711 892 783 praeessent.

148 803 290 866 Ecclesia
309 802 467 880 religiose,
489 807 643 880 quantum
655 802 759 878 licuit,
776 821 901 882 semper
920 807 1029 866 secuta
1043 811 1091 868 est

106 902 337 980 Apostolomm
351 899 507 978 exempla.
520 899 601 962 Hinc
617 899 759 962 concilia
780 906 811 962 et
823 901 994 962 Pontifices
1009 893 1089 964 n'ihil

105 999 246 1061 sanctius
266 997 455 1071 babuerunt,
478 1013 573 1074 quam
592 1002 628 1059 ut
647 997 686 1057 ab
703 997 790 1058 omui
807 999 1021 1062 ecclesiastico
1035 1017 1089 1078 pa·

103 1095 260 1160 trimonio
275 1111 387 1154 manus
406 1093 559 1155 laicorum
576 1099 778 1156 removerent
793 1095 846 1175 (l).

143 1195 183 1255 ΙΙ.
201 1191 462 1253 Admz'nistrotores
477 1190 617 1251 bonorum
632 1191 903 1254 ecclesiasticorum.
942 1217 944 1224 ¹

147 1293 175 1352 l.
209 1290 356 1351 Pontifex
381 1289 542 1378 Romanus
570 1294 618 1351 est
648 1306 816 1370 supremus
850 1290 1088 1355 administrator

103 1388 266 1451 bonorum
280 1387 444 1449 Ecclesiae.

144 1491 176 1546 2.
196 1485 370 1563 Episcopus
383 1482 803 1563 invigilatadministratioui
814 1484 1086 1547 bonorumeccle-

100 1583 306 1644 siasticorum
320 1581 647 1646 dioecesisPrioribus
660 1583 784 1644 saeculis
797 1583 881 1645 bona
895 1583 992 1646 totius
1008 1584 1087 1645 dica·

100 1681 185 1742 cesis
204 1679 243 1740 ab
260 1679 419 1758 Episcopo
444 1679 757 1742 administrabantur.
776 1683 1002 1743 Verumtamen
1014 1681 1087 1760 Epi·

99 1778 204 1856 scopi,
227 1795 267 1838 ne
289 1777 433 1855 ipsorum
466 1775 700 1839 administratio
740 1778 807 1839 sine
830 1779 964 1840 testibus
989 1784 1082 1855 esset,

97 1881 169 1938 tum
185 1875 282 1938 etiam
300 1880 335 1936 ut
350 1876 489 1953 quadam
504 1891 653 1936 curarum
666 1881 755 1953 parte
767 1877 955 1954 levarentur,
969 1879 1084 1940 consti·
1143 1950 1145 1953 ¹

21 1967 27 1983 '
97 1979 230 2037 tuerturt
241 1973 459 2048 administros,
472 1972 650 2052 praesertim
662 1973 934 2034 Archidiaconum
944 1978 976 2034 et
987 1973 1084 2034 OEco·

99 2089 248 2146 nomum,
271 2071 324 2150 qui
351 2076 460 2133 tamen
485 2071 608 2132 eisdem
636 2071 803 2150 Episcopis
828 2071 986 2134 rationem
1008 2071 1083 2132 red·

99 2169 203 2230 dituri
219 2174 316 2230 erant.

141 2269 172 2328 3.
190 2267 275 2328 Unus
299 2272 366 2328 erat
384 2267 545 2328 bonorum
565 2267 723 2342 cumulus
744 2267 830 2328 unde
853 2265 1081 2346 providebatur

98 2363 273 2444 Episcopo,
285 2365 420 2439 clericis,
432 2364 625 2444 pauperibus
646 2365 842 2443 etimpensis
855 2367 957 2426 cultus
969 2363 1078 2425 divini.

96 2463 176 2522 Cum
188 2467 297 2523 autem
317 2462 535 2524 ecclesiastica
549 2463 633 2526 hona
655 2462 688 2523 iu
709 2467 844 2542 quatuor
864 2468 968 2543 partes
982 2461 1081 2524 divisa

94 2559 228 2635 luerint,
242 2559 297 2620 alii
309 2565 426 2639 praeter
447 2558 642 2640 Episcopum
659 2565 690 2621 et
710 2560 769 2622 sub
787 2561 872 2623 illius
892 2559 1079 2622 auctoritate

95 2657 370 2719 administratores
389 2645 526 2721 instituti
550 2663 632 2720 sunt.
659 2658 781 2720 Exinde
808 2659 977 2736 disciplina
992 2657 1079 2715 inva-

95 2753 165 2830 luit,
181 2759 218 2816 ut
231 2754 387 2816 beneficia
403 2755 443 2816 ab
461 2756 538 2834 ipsis
561 2757 768 2833 beneficiatis,
792 2755 876 2818 bona
889 2773 964 2818 vero
977 2754 1079 2815 eccle-

95 2851 214 2912 siarum
237 2868 256 2913 a
280 2853 441 2931 parocho,
465 2853 596 2916 adscitis
621 2855 783 2916 nonnullis
808 2853 914 2930 laicis,
941 2850 1078 2912 admini-

96 2951 237 3011 strentur
253 2949 304 3030 (Ξ).

124 3159 157 3220 (t)
169 3157 264 3221 sagita,
274 3160 452 3210 Institutiones
457 3159 530 3226 juris
543 3160 643 3224 privati
656 3158 829 3219 ecclesiastici,
841 3158 885 3208 lib.
900 3157 933 3220 ll,
944 3169 998 3220 cap.
1010 3169 1045 3209 tv.

120 3239 154 3320 (2)
165 3238 265 3302 Devoti,
280 3239 470 3290 Institutionum
483 3241 658 3292 concoctarum
670 3239 714 3291 lib.
725 3239 756 3303 ll,
770 3239 810 3290 tit.
827 3252 883 3288 xru.
