2604 4264
208 311 241 356 83
385 310 540 357 nxecslrlc
562 309 738 356 nsrflonlca
760 309 843 362 JURIS
863 307 1018 354 cenoman

244 429 294 490 IV.
310 428 444 491 Ratione
460 428 576 510 forme,
595 429 744 490 differunt
760 425 992 490 Consecratz'unes
1006 421 1190 488 etBenedic-

205 528 296 589 tiones
322 527 450 607 proprie
479 529 585 589 diotae.
613 529 871 607 Consecrationes
893 525 1102 608 perficiuntur
1128 539 1190 602 per

202 625 369 686 unctiones
384 626 464 686 sacri
480 625 541 686 olei
556 631 611 687 aut
625 625 804 687 chrismatis
818 646 826 698 3
840 621 1191 704 quamobremimitan-

202 729 254 785 tur
269 727 465 784 sacramenta
475 723 730 786 Confirmationis
746 723 929 802 etOrdinis,
947 739 1018 800 quae
1033 739 1091 800 per
1104 737 1190 781 unc·

202 821 305 882 tiones
319 821 536 882 conteruntur.
552 820 798 906 Benedictiones
813 837 887 882 vero
901 819 1114 882 coniiciuntur
1129 835 1190 896 per

203 919 417 998 aspersionem
431 935 521 998 aquae
538 917 736 992 bencdiotae3
758 918 843 979 unde
863 922 1089 996 comparantur
1101 917 1185 994 Bap·

203 1017 300 1078 tismo
312 1017 366 1096 qui
382 1033 437 1096 per
452 1034 566 1096 aquam
578 1017 739 1078 lustralem
754 1015 924 1078 confertur.

244 1117 282 1176 V.
309 1101 440 1176 Ratione
466 1115 542 1176 ritus
563 1106 758 1190 accidentales,
780 1113 1021 1175 henedictiones
1034 1110 1183 1176 dividun-

204 1219 254 1276 tur
266 1213 299 1273 in
310 1214 445 1274 solemnes
458 1231 527 1294 quae
543 1214 654 1292 majori
673 1230 791 1292 pompa
814 1217 845 1275 et
864 1206 1009 1292 pluribus
1026 1209 1188 1272 ministris,

204 1318 407 1392 peraguntur,
435 1317 467 1373 et
494 1311 636 1392 simplices
661 1329 731 1390 quae
753 1312 821 1372 sina
848 1310 1004 1390 praedicto
1027 1312 1185 1388 apparatu

204 1413 301 1488 fiunt3
329 1431 356 1472 v.
387 1430 416 1490 g.
438 1411 599 1490 Episcopo
624 1415 800 1473 reservatur
820 1408 970 1472 solemnis
998 1407 1182 1470 benedictio

204 1508 389 1590 Imaginum.

244 1611 296 1672 Vl.
317 1607 449 1671 Ratione
465 1607 613 1668 relationis
626 1565 885 1683 ccl‘Sacrcmeutc,
906 1605 1066 1668 nonnullae
1085 1603 1184 1664 bene·
1286 1565 1287 1602 ³

204 1707 361 1768 dictiones
388 1707 598 1769 sacramentis
625 1707 858 1781 adnectuntur,
891 1724 918 1768 v.
942 1723 972 1784 g.
998 1701 1183 1764 benedictio
1286 1707 1287 1710 ’

205 1805 402 1868 Sanctissimi
409 1805 617 1882 sacramenti,
628 1804 809 1867 benedictio
820 1803 1019 1884 nuptiarum,
1030 1801 1100 1864 aliae
1112 1803 1184 1860 sunt

204 1919 290 1964 mere
301 1905 493 1983 personales,
506 1923 538 1968 v.
556 1923 585 1984 g.
600 1903 720 1984 populo
733 1902 927 1986 benedicunt
937 1903 1087 1964 Summus
1101 1899 1184 1960 Pon·

157 2061 158 2064 ,
202 2002 280 2065 tilcx
297 2008 328 2064 et
340 1999 498 2082 Episcopi.
1030 2007 1032 2012 “

453 2225 468 2289 ἓ
483 2224 507 2276 2.
518 2251 549 2264 -
561 2224 686 2278 ministri
696 2223 932 2292 benedictionpm.

245 2413 333 2473 Inter
350 2409 553 2474 Sacramenta
570 2415 602 2472 et
622 2409 869 2472 sacramentalia
890 2407 995 2471 existit
1023 2407 1180 2486 analogia,

205 2528 276 2589 quae
288 2527 352 2571 non
368 2513 491 2570 tantum
506 2509 638 2586 gratiam
657 2509 909 2587 significandam,
927 2509 981 2569 sed
1005 2507 1105 2569 etiam
1123 2505 1184 2566 miss

205 2609 322 2669 nistros
338 2607 476 2685 respici-t.
490 2607 578 2668 Sicut
583 2607 654 2686 jure
670 2607 777 2668 divino
793 2606 922 2668 diversis
936 2603 1084 2686 gradibus
1097 2620 1183 2666 com·

206 2706 344 2768 mittitur
359 2703 592 2765 administratio
612 2691 900 2778 sacramentorum,
926 2703 970 2766 ita
988 2704 1059 2782 jure
1081 2701 1183 2762 eccle·

205 2805 333 2866 siastico
347 2801 572 2866 convenienter
585 2801 715 2862 diversis
726 2801 893 2863 ordinibus
908 2799 1067 2863 confertur
1076 2803 1183 2877 potes·
1286 2837 1287 2846 η

204 2908 251 2965 tas
265 2899 466 2965 ministrandi
478 2885 734 2963 Sacramentalia.
750 2901 843 2961 Unde
862 2886 1098 2962 benedictiones
1113 2897 1182 2958 alise
1286 2963 1287 2972 ἶ

205 3002 278 3060 sunt
294 2999 476 3081 episcopales,
491 2997 562 3059 alias
580 2996 795 3078 sacerdotales(
816 2999 837 3075 l.

244 3097 268 3159 1.
288 3097 505 3158 Benedictsones
516 3095 689 3178 episcopales
703 3101 776 3157 sunt
788 3094 972 3174 multiplicis
987 3091 1132 3175 generiss'

245 3197 274 3257 l.
291 3196 339 3255 Ad
354 3195 527 3275 Episcopus
543 3189 697 3277 spectant,
713 3211 817 3274 neque
828 3193 1019 3274 presbyteris
1032 3193 1183 3272 deleganss

204 3297 257 3352 tur
281 3290 520 3354 benedictiones
552 3310 670 3369 rerum,
697 3311 768 3372 quse
798 3293 925 3355 nonnisi
950 3296 984 3353 ut
1005 3290 1182 3353 benedictae

128 3389 130 3392 ’
205 3396 278 3452 sunt
289 3391 420 3451 materia
431 3390 563 3469 alian‘us
577 3391 786 3469 sacramenti,
799 3411 828 3454 v.
842 3409 872 3470 g.
890 3389 1074 3453 benedictio
1085 3389 1183 3451 chris-

191 3483 299 3552 'matis
310 3493 341 3552 et
355 3486 416 3550 olei
428 3485 640 3553 infirmorum.
656 3493 790 3570 Propter
802 3488 1008 3554 eminentiam
1021 3487 1181 3568 dignitatis

239 3665 271 3728 (tl
282 3626 423 3718 pontificata
437 3677 576 3717 romanum.
593 3691 624 3702 —
635 3665 741 3717 Rituale.
