2594 4286
209 283 241 328 Η
373 282 529 330 exeostrlo
550 281 729 330 METEODIGA
748 281 832 328 Junls
854 282 1012 330 canumet.

207 397 360 476 obtinere,
383 398 518 480 ideoque
532 417 598 462 esse
623 405 733 479 aptum
750 405 785 462 ut
807 398 840 464 in
858 399 1041 480 religiosum
1065 403 1184 462 statum
1279 454 1280 476 ,

208 495 385 576 erigaturet
397 504 612 561 consecretur.
759 505 760 510 ’

246 601 278 656 2⁰
293 598 310 659 J
315 594 453 657 udicium
466 595 651 676 practicum,
665 615 728 676 quo
742 593 814 659 talis
826 595 951 658 vivendi
965 598 1078 660 modus
1090 595 1186 676 erigi·

208 692 304 756 turin
327 692 523 774 religionem,
548 693 690 774 certique
711 693 888 769 Christiani,
911 694 965 776 qui
979 693 1053 757 huic
1067 712 1184 758 nomen

209 792 295 866 dant,
311 791 343 852 in
354 791 615 854 communitatem
631 791 985 868 ordinantur,conoessa
995 791 1072 874 ipsis
1082 803 1185 872 potes·

208 894 272 952 tale
287 907 319 950 se
332 887 461 968 regendi
474 894 506 951 et
519 888 622 952 socios
633 889 837 953 admittendi.

248 985 388 1050 Ecclesia
400 1005 457 1067 per
475 986 660 1050 Pontificem
673 987 719 1049 e'st
737 987 909 1051 infallibilis
935 986 1101 1069 injudicio
1113 1005 1186 1067 spe-

209 1083 355 1148 culativo.
379 1083 469 1146 Ratio
493 1091 551 1161 est,
577 1084 651 1164 quia
667 1085 812 1148 Pontifex
835 1104 939 1152 errare
960 1084 1071 1165 nequit
1085 1083 1118 1146 in
1135 1084 1185 1146 his

209 1183 327 1263 quaaad
338 1199 440 1243 mores
449 1181 618 1260 pertinent,
634 1200 708 1244 cum
718 1183 803 1262 gravi
816 1183 1008 1246 detrimento
1020 1181 1183 1246 Ecclesiae.

208 1279 303 1360 Atqui
325 1279 395 1342 talis
420 1287 501 1342 esset
515 1299 604 1342 error
625 1280 898 1364 in-approbatione
913 1281 1085 1357 Ordinum3
1110 1299 1185 1342 nam

210 1379 289 1442 ordo
315 1376 479 1456 religiosus
503 1377 696 1458 approbatur
722 1397 780 1458 pro
804 1379 947 1469 uniuersa
972 1377 1123 1454 Ecclesia,
1153 1385 1184 1441 et

210 1474 356 1540 omnibus
382 1474 528 1538 fidelibus
552 1475 740 1555 proponitur
762 1481 798 1538 ut
824 1476 873 1540 via
897 1494 1007 1540 secura
1031 1475 1139 1540 salutis
1153 1481 1185 1538 et

210 1572 425 1655 perfectiouis.

251 1675 358 1746 Quoad
370 1669 528 1752 judicium
551 1669 739 1751 practicam,
763 1691 826 1751 quo
847 1671 1068 1753 pronuntiatur
1087 1675 1184 1737 talem

210 1770 355 1834 ordinem
369 1787 437 1832 esso
449 1768 504 1831 tali
522 1773 666 1850 tempore
680 1768 790 1832 utilem
808 1770 968 1841 Ecclesia,
982 1791 1048 1834 non
1062 1777 1186 1835 constat

210 1867 397 1931 Pontificem
422 1885 489 1928 esse
510 1863 728 1942 infallibilem,
759 1857 866 1930 tamen
892 1887 957 1931 non
979 1867 1066 1931 omni
1082 1871 1186 1934 divina
1205 1941 1207 1945 ,

210 1965 386 2029 assistentia
402 1964 593 2040 destituitur,
618 1970 649 2026 et
669 1964 765 2026 habet
777 1985 835 2044 pro
850 1983 882 2028 se
901 1965 1187 2046 praesumptionem

210 2063 400 2146 prudentia,
425 2064 475 2127 oui
501 2061 604 2124 nullus
627 2060 776 2141 privatus,
801 2062 867 2126 sine
890 2063 1078 2140 temeritate,
1097 2083 1186 2126 suam

210 2168 404 2242 anteponere
414 2167 528 2242 potest.

250 2262 303 2322 111.
319 2261 388 2322 Lee'
402 2259 551 2322 Ecclesie.
566 2259 794 2322 -Concilium
809 2262 1018 2322 Lateraneuse
1038 2261 1076 2323 ab
1092 2263 1187 2322 luno-

211 2357 364 2424 centiolll
375 2358 569 2422 celebratum
582 2359 695 2437 (1215),
710 2357 838 2422 statuit:
854 2355 900 2419 Ne
913 2359 1002 2420 reimie
1013 2359 1187 2440 relipr'onum

209 2457 363 2521 diversitos
384 2477 503 2539 prooem
525 2457 557 2517 in
573 2455 735 2518 Ecclesium
756 2458 816 2518 Dei
827 2455 1020 2536 confusionem
1051 2455 1182 2534 irtdueet,

209 2558 338 2640 firmiter·
348 2555 532 2638 prohibemus
545 2575 581 2617 ne
589 2555 695 2636 paisde
703 2565 806 2618 eoetero
815 2575 920 2616 nouum
934 2556 1101 2637 relt'pt'oaem
1110 2556 1186 2618 inee-

209 2656 273 2716 m‘ut
281 2674 295 2732 ,·
304 2653 354 2716 sed
360 2656 535 2736 qm'eumque
546 2652 586 2715 ud
595 2655 761 2735 relipt'onem
769 2653 1039 2729 eonvertivoluerr't,
1054 2675 1142 2715 anem
1152 2654 1187 2715 de

209 2751 379 2834 approbetis
403 2760 542 2814 assumat.
564 2751 709 2813 Similiter
726 2752 778 2833 qui
797 2752 923 2814 voluerit
946 2749 1114 2831 relipiosem
1132 2749 1183 2812 do-

209 2869 288 2912 mum
304 2849 338 2912 de
352 2871 423 2912 noco
434 2849 571 2932 suadere,
593 2850 725 2930 reputem
740 2857 768 2910 et
781 2850 993 2911 institutionem
1014 2849 1139 2930 accipiat
1152 2847 1186 2909 de

209 2949 387 3032 approbetis.
416 2983 456 2996 -
477 2945 655 3011 Concilium
682 2949 910 3026 Lugdunense,
945 2943 1184 3025 aGregorioX

210 3047 353 3110 habitum
367 3047 480 3128 (tart),
491 3045 650 3127 prohibet,
661 3065 696 3106 ne
707 3045 813 3128 aliquis
826 3046 860 3106 de
871 3054 974 3107 cratero
985 3064 1090 3105 novum
1104 3043 1183 3105 ordi-

209 3163 274 3206 mem
291 3153 344 3205 eat
357 3145 522 3225 relipienem
537 3142 712 3220 adinveniet,
726 3151 754 3204 et
763 3143 877 3204 ordines
891 3143 1063 3224 pultrellum
1073 3141 1184 3223 confir-

210 3243 363 3304 mationem
377 3241 461 3304 Sedr's
473 3241 646 3322 Apostolieoe
659 3249 839 3316 merueram,
856 3239 1026 3321 improbat.

252 3342 297 3403 ΕΚ
311 3341 359 3401 his
371 3339 504 3418 legibus,
521 3356 561 3400 ne
578 3340 688 3401 fideles
710 3341 824 3418 regulis
838 3340 958 3401 nocivis
974 3337 1182 3418 decipiantur,

210 3445 264 3500 aut
279 3454 429 3499 numerus
442 3437 622 3515 regularum
634 3437 769 3498 nimium
785 3441 946 3517 augeatur,
962 3436 1113 3497 nonlicet
1126 3454 1186 3497 no-

210 3551 284 3597 vum
299 3535 445 3597 ordinem
459 3535 652 3596 constituere
663 3529 730 3596 sine
745 3535 934 3597 auctoritate
950 3535 982 3596 S.
998 3532 1099 3595 Sedis.
1115 3535 1184 3595 Duo

211 3633 339 3694 maximi
356 3631 509 3696 momenti
534 3636 708 3710 sequuntur
725 3634 778 3693 :1⁰
799 3631 995 3714 Approbatio
1010 3636 1059 3696 est
1077 3639 1186 3696 neces·
