2594 4286
230 281 261 334 60
384 281 540 336 EXPOSITIO
561 277 738 332 HETEODIGA
758 279 842 330 aunis
865 254 1021 330 ΟΔΝΟΝΙΟῙ.

540 483 562 528 1.
582 480 618 529 De
632 477 755 540 suffragiis
765 476 791 526 in
801 489 898 538 genere.

271 623 294 684 l.
312 621 463 700 Suffragia
485 626 558 683 sunt
577 620 691 682 auxilia
716 619 902 700 spiritualia,
925 617 1040 698 quihus
1063 615 1218 678 Ecclesia

233 720 296 780 suis
310 718 461 781 membris
473 719 691 780 succurritaut
709 719 895 794 suffragatur
913 716 946 776 in
965 714 1077 777 ordine
1092 714 1133 774 ad
1159 730 1215 774 sa-

232 813 454 876 tislactionem.

270 911 397 991 Triplex
424 911 587 973 distinctio
604 911 797 974 attendenda
817 914 889 972 est:
910 911 938 969 l.
956 907 1111 988 Suffragia
1126 906 1212 978 divi·

232 1010 350 1071 duntur
370 1008 402 1070 in
413 1009 530 1090 publico
553 1014 583 1070 et
602 1009 733 1090 privata.
755 1008 886 1069 Publica
904 1005 1034 1068 nomine
1057 1005 1214 1068 Ecclesiae
1288 1039 1289 1086 4

231 1106 453 1168 offerunturab
468 1107 553 1168 illius
566 1105 736 1182 ministris3
752 1107 872 1186 privata
881 1110 953 1167 sunt
964 1104 1016 1184 pia
1030 1121 1126 1183 opera
1137 1121 1213 1182 quae
1288 1127 1289 1130 ¹

231 1203 438 1266 achristianis
451 1204 536 1266 velut
546 1203 689 1282 personis
704 1201 947 1283 particularibus
962 1207 1168 1281 peraguntur.

271 1305 299 1363 Ξ).
324 1301 549 1383 Suffragiorum
572 1301 633 1362 tria
663 1305 736 1363 sunt
759 1317 885 1380 genera,
914 1299 1065 1362 videlicet
1087 1299 1213 1360 sacrifi·

119 1463 122 1476 ,
232 1399 318 1462 cium
333 1399 447 1474 missae,
464 1399 576 1475 oratio,
594 1404 625 1461 et
636 1415 732 1478 opera
750 1399 960 1462 satisfactoria
979 1398 1092 1478 quibus
1115 1415 1212 1461 aoce-

232 1498 312 1558 dunt
326 1496 543 1575 indulgentiae.

272 1597 301 1656 3.
319 1593 426 1656 Oratio
445 1593 567 1656 duobus
593 1594 696 1657 modis
715 1593 834 1656 animas
862 1595 1084 1656 defunctorum
1107 1593 1209 1673 juvat,

231 1709 348 1770 nempe
363 1709 420 1770 per
433 1693 563 1753 modum
582 1693 803 1756 satisfactionis
818 1699 850 1755 et
865 1693 1107 1773 impetrationis,
1200 1702 1206 1736 ¹

273 1791 313 1852 ΙΙ.
328 1791 376 1851 Ad
396 1791 534 1852 valorem
544 1791 766 1870 'suffragiorum
779 1791 982 1871 requiruntur
996 1791 1210 1868 conditiones,

232 1892 301 1949 tum
318 1904 356 1949 ex
371 1893 460 1966 parte
476 1888 561 1950 illius
574 1889 625 1951 cui
636 1889 846 1969 applicantur,
861 1894 930 1951 tum
942 1907 980 1951 ax
995 1893 1083 1968 parte
1097 1906 1212 1951 eornm

232 1983 376 2065 aquibus
388 1992 589 2064 praestantur.
832 2055 834 2058 ,

270 2085 304 2145 ln
324 2102 361 2146 co
385 2083 436 2147 cui
449 2089 521 2146 sunt
538 2085 737 2164 applicanda,
754 2087 925 2168 requiritur
940 2091 972 2150 l⁰
990 2093 1026 2152 ut
1044 2089 1085 2151 sit
1100 2087 1214 2152 suflra-

231 2181 355 2262 giorum
370 2199 468 2262 capax
479 2203 487 2258 ;
500 2187 532 2244 2⁰
547 2189 582 2244 ut
599 2183 639 2246 sit
658 2183 690 2245 in
706 2190 788 2247 statu
807 2186 935 2265 gratiae3
950 2189 982 2248 3ο
1000 2192 1034 2249 ut
1049 2189 1142 2266 culpa
1157 2205 1212 2248 ra-

230 2279 317 2368 tione
330 2280 418 2359 cujus
434 2299 560 2360 poenam
572 2287 724 2358 merctur,
748 2283 853 2346 eidem
866 2285 932 2364 jam
949 2286 1082 2347 remissa
1099 2286 1207 2348 fuerit.

270 2381 414 2458 Experto
430 2380 601 2453 offerentis,
617 2381 789 2460 requiritur
802 2386 832 2442 1⁰
845 2387 880 2444 ut
896 2383 949 2463 qui
965 2383 1061 2445 alium
1081 2383 1211 2464 privatis

233 2477 388 2555 suffragiis
401 2477 510 2556 juvare
525 2479 602 2554 vult,
620 2479 661 2538 sit
673 2479 706 2539 iu
728 2485 811 2541 statu
825 2481 952 2560 gratiae:
969 2485 1000 2543 2⁰
1013 2487 1048 2543 ut
1061 2501 1139 2561 opus
1155 2483 1213 2544 ha-

233 2575 308 2638 beat
322 2576 563 2655 proportionem
579 2594 651 2638 cum
667 2577 879 2640 satisfactione
890 2599 898 2653 ;
911 2582 943 2640 3⁰
954 2585 989 2643 ut
1005 2581 1139 2643 offerens
1152 2597 1213 2659 per
1262 2659 1267 2669 Ι
1288 2655 1289 2670 ¹

233 2672 392 2736 actionem
406 2691 495 2736 suam
508 2675 598 2736 alteri
608 2670 769 2756 suffragari
784 2677 937 2740 intendat.

447 2876 471 2927 2.
488 2875 524 2928 Dc
538 2873 616 2928 variis
628 2874 753 2938 suffragiis
766 2875 937 2928 defunctorum
949 2875 993 2941 (1).

272 3019 413 3094 1.Mirsoe
436 3052 493 3113 pro
517 3031 660 3114 defunctis
676 2989 892 3109 celebrantur,
911 3040 946 3096 ut
967 3033 1028 3114 ipsi
1050 3034 1210 3115 accipiant

234 3127 267 3187 in
282 3126 354 3208 igne
371 3131 554 3209 purgatorio
580 3131 792 3208 refrigerium,
810 3137 841 3194 et
863 3133 938 3194 inde
956 3134 1062 3196 educti
1084 3135 1123 3196 ad
1149 3147 1211 3196 crn-
1288 3131 1289 3188 ἶ

233 3225 346 3308 lestem
361 3229 495 3304 patriam
510 3229 735 3307 perducantur.

273 3321 468 3394 Quibusdam
496 3325 630 3388 maxime
653 3326 766 3389 diebus
788 3329 918 3391 offertur
941 3329 1131 3392 sacrificium
1151 3349 1210 3411 pro
1288 3305 1289 3362 }

265 3478 300 3541 tl)
318 3479 441 3542 catalani,
458 3482 559 3533 diluule
579 3485 717 3536 Romanum
733 3487 917 3538 commentariis
932 3489 1098 3550 exornatum,
1111 3493 1173 3540 lom.
1191 3491 1213 3552 1,
1288 3521 1289 3552 ,

235 3570 262 3686 p.
272 3560 330 3690 Ι41116.
341 3585 372 3596 -
383 3560 517 3625 (lavationi,
531 3562 719 3616 Commentario
731 3567 756 3616 ia
770 3565 871 3618 decreta
883 3567 1090 3633 Conprepatiom‘r
1101 3569 1215 3633 diluam,

249 3673 256 3689 .
310 3653 392 3702 ,cap
408 3653 435 3694 rr.
