2590 4262
459 273 534 317 rbus
556 273 720 318 SPECIALIS.
1025 272 1076 320 2³1

97 393 146 452 sas
171 389 234 451 sibi
255 405 334 462 esse,
353 388 538 451 indistincte
553 406 627 452 cum
641 389 810 464 hereticis,
830 390 925 450 etiam
943 407 1009 451 non
1026 389 1079 451 dc-

96 487 267 563 nuntiatis‚
283 487 317 547 in
334 486 429 548 rebus
443 487 540 548 sacris
553 489 790 549 communicare
804 488 858 568 (i).

139 586 264 665 Duplex
283 584 532 646 communicatio
558 585 591 645 in
615 586 730 647 divinis
756 586 987 649 catholicorum
1002 591 1075 647 cum

98 683 261 746 haereticis
281 683 488 761 distinguitur
501 679 598 743 cetico
613 688 645 744 et
652 683 784 764 passivo.

144 786 174 844 l.
189 779 442 844 communicatio
455 779 551 840 activa
564 785 621 854 est,
640 781 766 860 quando
778 796 843 841 nos·
851 781 998 842 catholici
1010 797 1077 842 sec·

95 883 191 946 tariis
215 879 500 959 participamus-in
528 895 639 939 eorum
669 879 769 940 cultu.
795 879 991 958 Principium
1024 896 1077 958 ge-

98 981 208 1043 nerale
228 983 284 1052 est,
301 976 626 1038 communicationem
651 976 684 1035 in
704 976 818 1036 divinis
832 994 905 1038 cum
917 976 1075 1040 hereticis

98 1077 246 1139 illicitam
265 1075 452 1154 regulariter
465 1074 646 1134 habendam
665 1090 732 1134 esse
747 1071 779 1134 in
789 1073 889 1153 praxi,
906 1075 952 1136 vel
968 1074 1008 1136 ob
1021 1091 1075 1153 pe-

97 1176 239 1237 riculum
254 1169 504 1251 participationis
520 1169 553 1230 in
567 1171 631 1232 ritu
644 1170 808 1245 haeretico,
828 1173 877 1233 vel
896 1171 935 1233 cb
950 1173 1076 1250 pericu·

98 1275 167 1334 lum
189 1270 398 1352 perversionis
415 1269 523 1330 infide
543 1269 701 1330 catholica
714 1269 762 1329 vel
785 1268 924 1347 denique
939 1268 979 1329 cb
991 1268 1075 1347 peri-

97 1371 210 1430 culum
225 1372 257 1428 ei
271 1365 472 1427 occasionem
491 1363 643 1426 scandali.

140 1464 224 1526 Hinc
247 1464 396 1524 nonlicet
418 1462 655 1523 communicare
670 1463 701 1522 in
717 1462 786 1542 ipsis
800 1462 906 1522 ritibus
918 1461 1072 1524 hereticis.

96 1566 214 1640 Neque
229 1560 375 1622 catholici
394 1559 512 1621 debent
524 1559 675 1621 interesse
688 1559 904 1622 functionibus
914 1560 1078 1622 heretico

96 1677 173 1722 rum
186 1675 223 1720 eo
232 1659 337 1731 modo,
353 1675 416 1736 quc
425 1658 591 1719 videantur
603 1674 677 1719 cum
686 1658 723 1719 iis
736 1656 903 1719 convenire
914 1659 946 1718 in
956 1657 1077 1720 unitate

97 1755 264 1828 orationis,
276 1755 309 1814 in
320 1754 438 1816 unitate
448 1755 564 1830 cultus,
577 1754 611 1814 in
619 1755 819 1816 veneratione
832 1772 906 1834 erga
916 1753 1075 1816 ministros

97 1852 239 1914 haeresis.
261 1851 426 1913 'toleratur
442 1869 516 1913 vero
534 1851 704 1930 praesentia
720 1853 892 1914 materialis
906 1852 940 1912 in
961 1853 1077 1914 funeri·

98 1950 169 2025 bus,
185 1965 280 2011 causa
299 1947 429 2009 honoris
445 1947 545 2010 civilis
569 1965 643 2029 erga
661 1950 836 2011 defunctos.

138 2051 169 2108 2.
184 2046 440 2108 communicatio
446 2046 566 2126 passiva
576 2051 633 2121 est,
648 2047 775 2124 quando
790 2046 914 2108 sectarii
930 2046 1075 2110 sinuntur

99 2159 262 2204 sacrorum
279 2140 510 2204 catholicorum
523 2141 693 2221 participes
708 2160 785 2204 esse.
800 2143 957 2221 Equidem
968 2145 1076 2206 Eccle-

98 2237 145 2300 sia
160 2239 350 2318 quibusnam
359 2239 473 2300 mediis
486 2237 703 2318 spiritualibus
714 2239 868 2302 instructa
880 2245 937 2314 est,
952 2259 1023 2320 quae
1035 2241 1075 2302 ad

99 2335 317 2399 conciliandos
327 2335 493 2398 haereticos
507 2341 580 2415 apta
592 2341 679 2412 sunt;
696 2357 725 2399 v.
745 2355 775 2416 g.
790 2337 975 2416 praedicatio
990 2337 1076 2400 verbi
1113 2327 1115 2332 ’

101 2433 200 2494 divini
222 2440 253 2496 et
270 2434 383 2494 oratic.

139 2529 283 2593 Verbum
306 2529 448 2591 divinum
472 2531 620 2593 omnibus
646 2532 834 2612 applicabile
851 2539 912 2596 est.
943 2533 991 2593 Ad
1010 2548 1077 2592 ora-

99 2629 222 2690 tionem
240 2630 325 2707 quod
345 2627 469 2714 attinet,
487 2646 597 2708 preces
621 2629 751 2707 privatae
768 2649 828 2708 pro
846 2627 994 2691 omnibus
1009 2628 1076 2688 lau-

102 2727 249 2788 dabiliter
273 2727 369 2802 fiunt3
394 2743 504 2806 preces
528 2745 602 2790 vero
631 2726 767 2805 publicae
792 2745 849 2805 pro
864 2727 902 2787 iis
917 2722 985 2786 fieri
1011 2741 1075 2786 non

101 2829 245 2902 possunt,
259 2841 338 2904 quos
353 2825 393 2886 ab
410 2825 552 2888 Ecclesia
565 2833 727 2904 separatos
737 2841 804 2887 esse
819 2827 953 2886 constat.

141 2924 261 2985 Verum
277 2923 338 2983 alia
353 2924 462 2984 salutis
483 2923 588 2984 media
608 2927 725 2996 extant,
749 2940 767 2981 a
782 2938 918 3000 qnorum
933 2935 1077 2981 commu-

102 3018 197 3080 nione
215 3019 391 3096 generatim
405 3018 546 3080 baeretici
563 3019 769 3096 repelluntur,
790 3018 853 3079 sive
867 3034 902 3078 ex
927 3033 964 3077 eo
989 3017 1074 3096 quod

102 3116 162 3178 ista
176 3116 240 3178 sint
252 3117 339 3194 signa
354 3116 588 3179 communionis
600 3115 778 3190 catholica,
790 3115 854 3176 sive
872 3114 966 3174 simul
984 3130 1022 3174 ex
1038 3131 1076 3176 eo

103 3215 188 3292 quod
203 3215 344 3300 baeretici
353 3215 612 3294 dispositionibus
622 3213 783 3294 requisitis
795 3214 1007 3277 destituantur
1019 3214 1073 3294 (ἓ).

135 3389 170 3453 (l',
184 3391 285 3440 Martini
305 3392 326 3442 V
341 3399 420 3442 const.
441 3391 483 3442 Ad
494 3390 626 3443 evitanda.
643 3418 674 3428 -
694 3391 841 3442 Benedictus
854 3392 920 3454 xlv,
935 3390 966 3441 de
978 3387 1077 3454 synodo

103 3469 256 3534 dioecesuca,
270 3472 313 3520 lib.
331 3473 372 3532 Vl,
382 3486 436 3533 cap.
449 3484 474 3522 v,

137 3549 172 3616 (2)
189 3547 352 3614 Congre'gaoo
373 3553 404 3601 de
423 3555 584 3615 Propaganda
599 3553 659 3604 Fide
678 3569 685 3601 ε
702 3531 835 3626 Instructio
852 3567 898 3616 pro
909 3548 1077 3601 missionuriis

105 3630 212 3680 Orientis
232 3630 265 3679 de
286 3632 504 3682 communicatione
519 3647 574 3683 cuna
591 3633 721 3683 hereticis.
739 3659 769 3670 —
793 3631 928 3694 Responsio
940 3632 1078 3690 congrega·
