2604 4264
251 303 304 350 122
424 299 583 346 EXPOSITIO
604 297 782 344 nossemus
802 296 886 342 sums
908 295 1064 341 canorum.

249 398 322 500 pars
332 418 486 495 corporis,
496 416 530 477 in
541 434 603 496 qua
612 432 722 495 passus
733 418 780 485 est
790 418 921 493 martyr,
936 413 1032 474 modo
1042 409 1084 472 sit
1090 410 1229 488 integra,

250 521 282 578 et
292 533 356 576 non
371 531 476 594 parva.

290 611 438 674 Notabiles
450 608 592 689 reliquiae
603 612 676 670 sunt
688 625 812 682 manus
823 625 891 686 pes,
902 605 993 680 tibia,
1012 605 1153 681 maxilla,
1166 608 1225 668 etc,

290 709 416 770 Miautoe
435 707 578 786 reliquia
595 712 669 768 sunt
681 723 785 786 parvae
799 703 996 783 quantitatis,
1012 709 1047 764 ut
1063 705 1156 778 dens,
1178 703 1227 763 di-

252 808 346 888 gitus,
363 807 514 869 auricula.

194 913 201 924 ‘
291 907 330 966 ΙΙ.
347 903 435 965 Recte
449 902 584 962 solaretur
604 899 747 981 Reliquiae
767 898 954 960 Sanctarum.
971 931 1009 944 -
1022 897 1120 960 Proh.
1136 900 1165 961 l.
1185 900 1225 959 Ex

253 999 389 1064 concilio
401 998 588 1061 Tridentino
598 998 640 1077 (l)
655 1017 662 1058 :
683 1019 698 1056 a
713 999 903 1060 Sanctorum
918 1001 1095 1076 martyrum
1109 1000 1140 1058 et
1154 994 1226 1056 alio·

252 1115 325 1159 rurn
339 1115 414 1159 cum
434 1097 559 1159 Christo
573 1095 746 1158 viventium
765 1111 909 1173 corpora,
934 1113 952 1156 a
975 1092 1125 1156 fidelihus
1138 1111 1226 1156 vene-

253 1196 351 1256 randa
366 1211 449 1268 esse3
470 1193 563 1255 itaut
582 1194 786 1267 affirmantes,
807 1193 998 1254 Sanctorum
1014 1189 1160 1270 reliquiis
1181 1208 1223 1252 ve

252 1287 1224 1372 nerationematqnehonoremnondeberi,releasatldelihus
1274 1295 1276 1306 ⁴

254 1388 408 1450 inutiliter
423 1387 585 1461 honorari,
603 1386 734 1448 omnino
748 1388 920 1448 damnandi
935 1388 1008 1448 sint.
1023 1407 1039 1445 a

294 1486 387 1548 Proh.
402 1489 431 1546 E.
447 1483 548 1558 Ratio,
563 1502 658 1563 quarn
666 1483 839 1547 concilium
852 1484 988 1558 innnuit,
1004 1489 1052 1546 cst
1063 1490 1133 1546 tum
1146 1484 1224 1563 quod

254 1585 320 1646 uiua
339 1583 468 1643 mernbra
482 1581 595 1664 suerint
614 1581 737 1657 Christi,
759 1584 940 1663 attemptans
961 1583 1095 1664 Spiritus
1115 1582 1223 1658 Sancti,

253 1687 323 1743 tum
342 1681 414 1758 quia
428 1697 486 1758 per
498 1681 552 1741 illa
562 1683 644 1742 Deus
659 1681 760 1741 multa
777 1680 932 1743 beneficia
944 1685 1084 1760 praestat.

294 1779 345 1838 ΙΙΙ.
364 1777 570 1858 Helr'qaiarum
584 1777 758 1859 approbatio
775 1785 804 1838 et
817 1778 985 1859 recopat'tio.

294 1877 411 1937 Earum
422 1875 609 1954 approbatio
622 1874 726 1936 differt
735 1875 775 1936 ab
789 1874 854 1956 ipsa
866 1875 1094 1956 recognitione.
1108 1877 1226 1940 Etenim

257 1972 446 2051 approbatio
466 1979 512 2034 est
527 1978 616 2034 actus
633 1973 830 2035 auctoritatis
852 1973 920 2034 illas
935 1976 973 2034 ad
993 1959 1116 2036 cultum
1131 1973 1227 2053 publi·

256 2087 329 2132 cum
343 2071 565 2149 proponentis3
579 2071 797 2150 recognitione
808 2089 881 2133 vero
892 2077 1015 2135 constat
1026 2089 1138 2133 earum
1149 2072 1227 2133 iden·
1275 2065 1276 2079 ³

256 2168 341 2230 titas.

298 2263 1224 2346 Reliquiae'omninonovaecultuipublicoexponinequeunt,
1274 2249 1275 2280 r

255 2360 318 2422 nisi
341 2362 427 2440 prius
449 2363 638 2424 auctoritate
662 2365 699 2424 R.
726 2362 885 2424 Pontificis
907 2363 1023 2426 luerint
1037 2364 1223 2443 approbata.

257 2459 350 2521 Ratio
365 2464 422 2534 est,
440 2459 514 2538 quia
531 2459 678 2521 Pontifici
689 2465 865 2522 reservatur
884 2461 1080 2523 beatificatio
1095 2467 1128 2524 et
1142 2479 1226 2523 cano·
1273 2459 1274 2480 ³

257 2557 377 2620 nizatio
392 2558 601 2632 Sanctorum
621 2555 809 2636 Episcopus,
827 2557 976 2636 reliquias
992 2559 1125 2620 omnino
1140 2575 1226 2619 noras

179 2656 182 2664 “
258 2655 466 2739 approbando
493 2655 532 2714 ad
554 2655 676 2716 cultum
699 2652 883 2734 publicum,
905 2654 1061 2718 indirecte
1090 2661 1225 2717 sanctum

257 2752 442 2814 canonizare
456 2751 618 2813 videretur
630 2769 689 2829 pro
704 2769 759 2812 sua
774 2751 914 2814 dioecesi.

300 2850 333 2911 Si
349 2866 423 2910 vero
439 2847 594 2927 Reliquiae
605 2853 677 2910 sunt
691 2850 814 2929 antiqui
823 2849 957 2930 alicujus
968 2851 1067 2912 sancti
1077 2850 1116 2910 ah
1127 2850 1223 2912 Eccle
1271 2879 1272 2890 κ

259 2946 304 3007 sia
316 2947 494 3026 approbati,
509 2948 627 3009 sufficit
640 2947 812 3010 auctoritas
826 2947 976 3027 Episcopi
992 2965 1044 3009 eas
1063 2963 1224 3026 recognos-

260 3043 371 3120 centis,
389 3049 419 3106 et
439 3043 656 3122 approbantis.
1270 3061 1271 3066 ’

301 3138 334 3201 Si
353 3142 495 3222 reliquiae
515 3143 698 3222 approbate
715 3145 945 3206 transferantur
966 3143 999 3204 in
1018 3143 1112 3204 aliam
1133 3142 1224 3203 eccle·

260 3232 350 3312 siam,
368 3256 432 3299 non
449 3238 567 3302 debent
582 3239 698 3303 iterum
714 3238 894 3328 approbari,
911 3243 966 3302 sed
981 3246 1106 3304 tantum
1122 3235 1226 3301 exani·
1268 3239 1270 3303 l

260 3333 341 3407 nari,
360 3353 400 3395 an
412 3335 475 3396 sint
493 3355 538 3399 eae
558 3335 793 3416 reliquiaquae
809 3337 843 3398 in
855 3337 971 3401 litteris
990 3339 1173 3418 apostolicis
1183 3337 1225 3399 rel
1267 3389 1269 3418 ,

260 3429 411 3510 Episcopi
425 3434 608 3496 testimonio
624 3435 841 3536 continentur.
1267 3423 1269 3505 l

260 3571 325 3704 so)
342 3571 406 3622 sess.
426 3572 503 3633 XXV,
524 3575 657 3628 Decretum
671 3577 702 3628 de
722 3575 886 3640 invocatione,
901 3577 1059 3630 veneratione
1077 3585 1104 3630 et
1119 3569 1225 3636 nuiqails
1267 3569 1268 3588 ²

278 3659 416 3705 auctorum.
