2604 4264
445 311 518 356 PARS
540 309 704 356 susumus.
861 308 863 315 ’
1014 313 1065 360 181

71 428 171 490 cium
188 427 317 489 unitum
332 426 468 488 efficitur
491 443 563 504 pars
588 426 731 488 ecclesiae
750 425 801 487 cui
821 427 936 503 unitur,
954 433 986 490 et
994 429 1066 507 jura

72 527 169 587 illius
181 526 414 587 transferuntur
425 524 464 583 ad
481 523 651 585 ecclesiam
663 523 883 609 principalem.

115 626 163 685 Il.
180 621 384 702 incorporatio
408 626 455 683 est
472 620 635 698 quoddam
661 620 789 680 unionis
815 639 923 699 genus,
950 624 1064 685 mediis

71 721 262 798 praesertim
276 719 401 781 saeculis
419 720 577 796 frequens.
601 717 752 780 Consistit
766 717 862 794 ineo,
884 724 920 780 ut
936 720 1062 799 aliquod

71 814 277 878 heneficium
292 815 420 878 cuidam
435 814 639 890 monasterio,
657 814 803 892 collegia,
827 816 966 894 capitulo
984 819 1064 897 adji-

72 913 199 976 ciatur.
215 916 284 975 Istae
306 915 450 988 uniones
467 914 507 973 ad
527 913 624 974 vitam
637 911 845 973 monasticam
868 914 915 975 vel
932 915 1063 976 canoni·

73 1027 156 1071 cam
173 1012 409 1073 instaurandam
422 1011 587 1084 institutae,
600 1008 718 1087 triplici
731 1009 833 1070 forma
847 1009 1063 1076 absolvuntur.

119 1109 230 1170 Prima
245 1109 362 1170 dicitur
384 1108 460 1170 unio
473 1107 571 1188 quood
589 1105 761 1186 temporalia
782 1113 907 1184 tentum,
926 1126 980 1170 seu
999 1127 1063 1172 non

73 1207 179 1285 pleno
190 1209 272 1285 jure,
293 1208 420 1284 quando
436 1207 556 1268 reditus
570 1203 731 1284 parochiae
743 1203 891 1281 assignati
906 1212 978 1268 sunt
992 1225 1064 1270 mo-

75 1306 234 1381 nasterio,
255 1306 309 1366 sed
326 1322 401 1366 cura
423 1303 602 1366 animarum
623 1300 864 1364 administratur
883 1304 1064 1367 abenelicii

75 1408 210 1464 rectore
234 1419 328 1480 quem
356 1401 534 1481 Episcopus
560 1400 697 1464 instituit
720 1399 759 1459 ad
783 1403 1063 1476 presentationem

76 1499 281 1560 monasterii.

124 1597 209 1658 Unio
216 1596 379 1678 planojare
392 1604 451 1672 est,
462 1597 589 1684 quando
599 1601 668 1660 tum
678 1601 876 1681 temporalia,
886 1603 956 1660 tum
970 1597 1062 1676 spiri·

75 1693 182 1767 tualia¹
195 1695 354 1771 pertinent
373 1696 412 1756 ad
428 1695 667 1773 monasterium,
683 1698 727 1759 ita
741 1705 776 1760 ut
791 1716 866 1760 cura
883 1695 1060 1757 animarum

74 1789 287 1853 habitualiter
308 1793 445 1854 resideat
468 1810 565 1871 penes
590 1795 783 1874 capitulum,
812 1797 867 1856 sed
894 1792 1061 1855 actualiter

77 1894 267 1951 exerceatur
281 1908 340 1968 per
348 1890 501 1956 vicarium
516 1909 532 1952 e
547 1893 669 1970 gremio
684 1893 815 1972 capituli
828 1892 1056 1972 deputandum.

119 1985 226 2046 Tertia
246 1987 462 2066 incorporatio
481 1989 645 2068 plenissimo
661 1988 735 2072 jure
750 1997 807 2064 est,
824 2007 886 2070 qua
911 1989 1059 2069 praelatus
1127 1975 1128 1978 ¹

77 2083 265 2144 monasterii
293 2085 416 2147 obtinet
437 2085 470 2145 in
496 2089 617 2148 elerum
642 2093 673 2151 et
693 2089 849 2168 populum
864 2085 1059 2166 Jurisdictio-

75 2197 156 2242 nem
171 2181 259 2260 quasi
272 2183 501 2262 episcopalem,
517 2201 534 2244 a
552 2189 708 2263 potestate
721 2183 870 2264 Episcopi
887 2182 1056 2245 diocesani

76 2281 272 2357 exemptam.

116 2376 275 2437 Caeterum
301 2395 339 2437 ex
365 2377 581 2456 prohibitione
599 2379 732 2443 Gonoilii
752 2378 943 2455 Tridentini,
966 2394 1054 2440 novae

72 2469 347 2552 incorporationes
379 2476 585 2538 ecclesiarum
613 2477 843 2556 parochialium
870 2475 1055 2556 regulariter

75 2566 144 2628 fieri
158 2575 322 2648 nequeunt
336 2571 347 2650 (
367 2571 386 2651 ).

300 2771 324 2816 2.
336 2760 436 2830 Regnlae
447 2783 491 2820 seu
504 2771 673 2840 solemnitates
683 2772 815 2822 unionum.

111 2919 349 2982 Beneficiorum
359 2922 439 2984 unio
454 2928 501 2986 est
514 2926 634 3003 odiosa,
654 2925 813 3004 siqnidem
827 2939 885 3000 per
900 2919 987 2980 illam
1001 2917 1050 2977 di·

71 3014 228 3078 minuitur
265 3020 368 3090 cultus
410 3021 544 3086 divinus.
576 3023 773 3102 Quapropter
796 3017 905 3082 multis
933 3015 1050 3094 regulis

68 3114 281 3193 restringitur.

105 3212 130 3272 I.
152 3213 339 3291 Requiritur
352 3217 513 3278 auctoritas
527 3216 657 3296 lepitima
669 3230 792 3288 eorum,
809 3212 848 3273 ad
866 3230 945 3293 quos
958 3229 1049 3291 spee-

67 3312 111 3368 tat
129 3311 250 3372 erectio
271 3311 513 3376 beneficiorum.
538 3314 646 3392 ltaque
664 3315 701 3376 R.
724 3311 868 3374 Pontilex
889 3307 1048 3390 amplissi-

67 3421 152 3468 mam
167 3407 265 3470 hahet
286 3416 478 3490 potestatem
493 3411 623 3475 uniendi
638 3410 813 3486 heneficia;
828 3415 943 3490 praeter
956 3410 1045 3470 illum

64 3504 171 3566 nullus
190 3505 323 3570 inlerior
339 3514 447 3589 potest
461 3509 617 3573 Ecclesias
633 3510 829 3573 cathedrales
841 3509 944 3571 unire.

95 3649 131 3710 (1)
143 3649 209 3700 Sess.
226 3652 313 3716 Xlllv,
328 3653 360 3702 cle
374 3654 498 3720 Reform,
512 3671 567 3722 cap.
584 3671 639 3708 xrn.
