2594 4286
488 263 562 314 PARS
584 259 747 314 SPEGIALiS.
1071 263 1103 316 57

114 386 163 447 de
184 386 261 466 J'ure
275 404 293 446 a
305 387 480 449 rectoribus
502 387 654 449 ldcolesiae
669 391 700 447 et
717 385 935 447 sacerdotibus
948 385 1008 448 sibi
1022 405 1106 465 prae·

112 484 241 560 positis
251 485 422 564 postulant,
435 489 470 545 ut
482 483 598 560 triplex
607 482 758 545 Ecclesiae
769 488 916 561 potestas,
929 483 962 543 in
972 485 1106 545 salutem
1180 521 1181 526 κ

112 582 308 642 animarum
327 587 359 643 et
377 582 409 641 in
422 577 667 642 aedificationem
681 579 823 659 corporis
838 580 949 641 Christi
966 597 985 639 a
999 580 1106 642 divino

113 677 292 742 Salvatore
306 681 458 755 instituta,
471 680 531 741 rite
544 678 793 756 administretur,
808 677 917 758 sicque
930 696 949 740 a
961 679 1106 740 fidelibus

111 775 213 838 hona
233 778 407 856 spiritualia
426 777 654 857 percipiantur.

162 877 205 936 In
228 874 332 955 specie
353 875 404 954 jus
425 874 545 936 habent
559 920 567 949 ,
583 877 611 936 l.
631 875 673 936 Ut
699 873 877 935 doctrinam
900 873 1105 937 christianam

114 973 324 1036 edoceantur
338 979 370 1035 et
386 973 527 1053 pericula
541 973 615 1034 fidei
630 973 740 1052 procul
756 979 939 1051 arceantur;

166 1077 197 1133 2.
222 1075 265 1136 Ut
278 1078 472 1134 sacramenta
486 1071 547 1133 sibi
562 1070 700 1133 fideliter
720 1071 991 1149 administrentur,
1005 1077 1036 1136 et
1055 1090 1106 1135 sa-

117 1170 376 1232 cramentalibus
389 1187 517 1251 quoque
534 1186 600 1231 non
615 1169 855 1245 defraudentur-3

168 1271 198 1329 3.
222 1269 264 1330 Ut
277 1269 316 1330 ad
332 1273 447 1331 statum
465 1268 645 1330 clericalem
658 1269 706 1329 vel
725 1267 909 1348 religiosum
930 1269 990 1331 sihi
1003 1268 1106 1331 aditus

119 1370 253 1444 pateat;

166 1468 199 1526 4.
224 1464 266 1528 Ut
278 1463 311 1524 in
326 1465 421 1526 rebus
434 1463 578 1544 litigiosis
593 1463 825 1542 protectionem
842 1465 1106 1544 judicumeccle-

122 1561 330 1624 siasticorum
343 1563 513 1642 implorare
528 1560 605 1639 ipsis
621 1560 754 1628 liberum
770 1561 827 1637 sit;

167 1663 200 1722 5.
224 1659 452 1739 Utgeneratim
469 1675 577 1720 eorum
599 1658 718 1738 jurium
733 1659 904 1739 participes
917 1659 1105 1737 efficiantur,

125 1776 203 1838 quae
219 1777 257 1819 ex
278 1757 393 1820 actuali
406 1757 632 1841 communione
646 1757 795 1820 Ecclesiae
811 1764 1011 1837 promanant,
1027 1778 1055 1822 r.
1074 1779 1104 1840 g.

122 1857 210 1937 juris
224 1858 394 1938 sepultura
407 1855 641 1919 ecclesiastice.
759 1847 761 1850 ’

390 2084 414 2134 2.
427 2079 539 2132 Influxus
553 2081 673 2132 laicorum
684 2079 710 2130 ln
723 2080 842 2132 Ecclesia.

168 2252 269 2324 Laici,
280 2251 433 2314 remotius
441 2253 564 2329 saltem,
577 2269 647 2314 suas
658 2255 764 2332 partes
773 2252 941 2314 conterunt
949 2252 988 2313 ad
1001 2250 1107 2316 Eccle-

125 2352 210 2413 siam
227 2351 470 2412 delendendam.
916 2429 923 2439 .

169 2451 194 2512 l.
218 2451 375 2526 Respecto
391 2446 565 2529 mopr'sterii,
582 2467 647 2520 non
661 2448 762 2510 solum
777 2445 919 2527 magistri
935 2453 966 2510 et
979 2445 1108 2510 litterati
1150 2463 1153 2474 ·
1170 2438 1172 2444 ’

124 2545 204 2609 laici
217 2545 365 2608 scientias
375 2545 568 2626 theologicas
578 2546 733 2620 excolere,
748 2544 891 2606 infideles
901 2550 932 2606 et
941 2545 1107 2608 haereticos

126 2642 259 2722 scriptis
275 2643 338 2706 suis
352 2642 540 2705 convincere
554 2649 585 2704 et
598 2643 743 2706 veritates
756 2645 830 2714 fidei
847 2645 1011 2708 catholice
1026 2642 1108 2705 tueri

126 2748 285 2823 possunt3
303 2741 468 2803 sedetiam
492 2741 675 2820 parentibus
695 2741 855 2806 incumbit
872 2759 986 2804 munus
999 2742 1108 2803 instal-

116 2830 221 2902 'landi
241 2841 335 2901 lldem
355 2838 469 2900 animis
487 2840 637 2902 liliorum.

173 2943 322 3002 Attamen
335 2937 406 3000 laici
424 2956 487 3000 non
505 2943 639 3018 possunt
655 2938 841 3018 praedicare.
860 2937 925 2999 Illis
946 2937 1042 3000 etiam
1057 2937 1107 3000 in-

130 3037 369 3113 terdictumest,
378 3054 450 3098 cum
462 3037 621 3100 haereticis
632 3042 671 3098 de
683 3036 838 3118 mysteriis
847 3036 920 3097 fidei
934 3036 1106 3118 disputare,

133 3137 249 3211 praeter
264 3147 371 3216 casum
386 3131 582 3192 necessitatis
603 3135 658 3191 aut
673 3130 825 3191 evidentis
840 3129 994 3193 utilitatis.

173 3225 210 3286 ll.
224 3223 347 3285 Relatio
365 3224 518 3285 laicorum
539 3225 578 3284 ad
601 3240 726 3284 sacrum
750 3223 900 3284 Ecclesiae
915 3223 1108 3287 ministerium

133 3321 167 3383 in
180 3340 218 3385 eo
232 3339 299 3384 sese
315 3321 503 3396 manifestat,
520 3321 727 3410 utprecibus,
744 3339 820 3400 quas
842 3321 978 3406 tundunt
992 3342 1050 3403 pro
1060 3342 1108 3385 sa-

134 3422 202 3483 lute
217 3419 389 3492 Ecclesiae,'
398 3436 456 3498 pro
477 3417 673 3494 ordinandis,
687 3437 746 3498 pro
758 3425 964 3498 peccatorum
979 3438 1109 3483 conver·

132 3520 237 3595 sione,
251 3533 317 3578 nou
332 3518 435 3578 solum
448 3517 620 3578 Ecclesiam
631 3515 752 3597 juvent,
768 3519 823 3580 sed
838 3521 1001 3598 quoddam
1015 3517 1110 3580 sacri·

132 3617 197 3680 ficii
210 3632 309 3696 genus
328 3615 473 3678 offerant.
497 3615 532 3676 ld
547 3615 784 3679 Gathechismus
807 3618 965 3679 Romanus
987 3617 1032 3680 ita
1053 3633 1107 3678 ex·
