2590 4262
159 288 213 336 ΞΜ
322 289 479 335 ΕΧΡΟΒΙΤΙΟ
500 287 678 333 nnmoolca
698 289 782 334 Junls
804 289 961 335 cenoman.
999 263 1003 270 ι

196 407 234 467 ll.
250 404 359 466 Formo
371 405 574 486 suspensionis.
592 439 634 450 -
647 406 682 466 ln
703 405 833 468 ferenda
851 406 1063 484 suspensione
1076 425 1144 468 non

158 502 375 584 prescribitur
388 509 477 564 certa
488 504 591 564 lorma
601 501 783 577 verborum,
798 505 853 564 sed
869 522 906 565 ea
919 505 1138 582 requiruntur,

159 619 229 680 quae
249 599 442 662 sufficienter
460 601 622 662 declarent
635 600 720 662 hunc
742 602 902 664 ellectum.
927 605 1054 682 Duplex
1067 621 1139 666 vcro

158 701 267 778 regula
279 699 428 760 servanda
445 702 511 758 est:

200 800 228 858 l.
247 796 404 857 Praeoedit
414 793 546 868 monitio,
560 793 586 854 si
601 794 768 872 suspensio
781 795 865 856 velut
874 812 1010 858 censura
1028 798 1144 858 infera-

142 902 212 962 ,tur
226 895 265 954 ad
287 891 521 954 correctionem
537 889 762 968 delinquentis.
780 893 908 954 Etenim
920 902 1070 956 constare
1090 913 1145 956 ne·

161 992 230 1070 quit
249 993 287 1052 de
314 989 527 1064 contumacia,
549 987 610 1049 nisi
623 987 766 1050 Ecclesia
787 990 874 1068 prius
889 1008 979 1052 reum
998 999 1141 1054 moneat.

162 1090 195 1152 Si
213 1106 288 1150 vero
302 1087 466 1168 suspensio
481 1088 581 1148 fertur
592 1105 649 1165 per
663 1089 793 1164 modum
810 1103 914 1166 poenae
928 1090 1142 1164 vindiealivae,

161 1191 278 1267 practer
293 1187 445 1247 delictum
460 1203 552 1264 graue
565 1185 784 1259 commissum,
800 1204 866 1247 non
879 1187 1052 1266 requiritur
1063 1205 1147 1250 con-

161 1283 300 1346 tumacia
313 1289 344 1344 et
357 1283 507 1356 monitio;
525 1281 592 1357 sed,
605 1280 742 1358 probato
757 1284 885 1359 delicto,
900 1285 1069 1364 suspensio
1084 1302 1146 1364 per

163 1381 351 1443 sententiam
365 1379 531 1458 infligitur.

201 1483 231 1540 2.
248 1475 409 1540 Sententia
420 1474 634 1555 suspensionis
646 1475 786 1537 sertorio
798 1477 914 1557 scriptis
925 1494 1000 1539 cum
1013 1495 1147 1557 expres-

111 1656 113 1659 ·
164 1576 252 1637 sione
270 1591 384 1644 causae,
409 1578 441 1634 et
463 1591 574 1634 eorum
598 1575 759 1651 exemplar
777 1592 930 1654 suspenso
949 1577 1099 1653 traditur,
1118 1578 1145 1638 si

162 1670 256 1733 luerit
276 1669 476 1748 requisitum.
502 1669 535 1732 Si
551 1671 652 1750 judex
668 1671 752 1732 hano
775 1671 909 1750 legemt
911 1689 1018 1735 emere
1033 1675 1141 1750 violet,

163 1785 220 1846 per
232 1785 374 1828 mensem
385 1766 449 1829 ah
441 1786 582 1848 ingressu
598 1768 753 1845 ecclesiae,
766 1773 797 1830 et
813 1769 926 1830 officiis
942 1769 1057 1832 divinis
1075 1790 1145 1833 sus-

161 1870 313 1949 penditur
326 1871 377 1952 (l).

459 2055 482 2102 l
497 2053 603 2102 Effectus
617 2052 787 2112 suspensionis
800 2015 843 2114 (ti.

206 2222 428 2300 Suspensionis
450 2223 580 2284 effeetus
607 2226 680 2284 sunt
701 2220 838 2299 duplicis
863 2221 1005 2300 generis:
1031 2221 1080 2282 vel
1104 2221 1144 2282 ab

165 2319 233 2396 ipsa
247 2319 451 2396 suspensione
466 2321 617 2398 pendent,
635 2320 683 2380 vel
696 2317 839 2380 alliciunt
855 2318 953 2380 violat
940 2323 1027 2380 tores
1046 2318 1144 2380 illius.

205 2417 229 2476 Ι.
255 2415 418 2496 Effectus
406 2415 494 2496 psius
513 2415 705 2502 spspeosioois
722 2414 799 2477 varii
817 2423 890 2476 sunt
910 2433 975 2494 pro
993 2415 1145 2477 varietate

165 2513 258 2592 hujus
271 2530 424 2574 censurae
438 2515 516 2574 Cum
527 2513 623 2592 igitur
636 2513 838 2593 multiplex
815 2518 856 2574 srt
869 2511 1046 2590 suspensio,
1061 2530 1145 2592 quse·

165 2611 210 2672 vis
227 2616 349 2672 tantum
364 2615 523 2688 operatur,
538 2617 692 2689 quantum
706 2611 800 2672 verba
813 2610 1006 2688 significant

207 2709 241 2769 Si
258 2709 328 2786 quis
342 2707 529 2786 generaliter
540 2708 761 2786 suspendatur,
774 2707 963 2786 intelligitur
976 2723 1144 2816 suspensus

165 2811 234 2867 tum
247 2805 332 2866 abl
299 2824 317 2866 o
321 2806 416 2882 fficio,
441 2811 509 2867 tum
523 2825 542 2868 a
556 2806 723 2868 beneficio.
744 2808 862 2870 Verum
890 2823 954 2865 una
980 2803 1143 2885 suspensio

166 2903 307 2979 partialis
326 2905 369 2965 alt
357 2910 458 2966 teram
475 2923 538 2966 non
554 2903 715 2983 importat,
728 2903 789 2964 nisi
802 2909 853 2964 aet
855 2920 891 2963 us
912 2901 1005 2964 unius
1018 2902 1145 2964 ordine·

170 3006 222 3060 tur
233 3002 272 3061 ad
287 3010 375 3062 aetus
391 3003 535 3096 alterius3
551 3001 592 3062 ob
609 3018 703 3080 quam
715 3017 841 3078 oausam
854 3017 959 3080 neque
975 3017 1145 3080 suspensus

168 3095 208 3156 ab
219 3099 329 3158 ordine
333 3117 457 3178 ‚neque
470 3116 638 3178 suspensus
652 3117 669 3160 a
677 3097 898 3178 jurisdictione
911 3101 1145 3160 sacramentum

166 3193 252 3274 poeni
254 3198 362 3258 tentiae
381 3197 592 3261 administrat.

207 3295 236 3354 l.
249 3293 423 3371 Suspensus
433 3295 470 3356 ob
484 3295 584 3356 ordros
594 3314 661 3358 non
675 3301 784 3361 censet
787 3314 823 3356 ur
831 3311 1063 3374 suspensus
1020 3310 1063 3372 aJ
1056 3291 1145 3352 'uris-

202 3476 382 3538 (llcmreillum
394 3477 591 3542 Lugdunensel,
604 3495 658 3543 cap.
674 3496 692 3531 1.
715 3480 779 3531 Corn
796 3477 962 3532 medicinalis.
974 3475 1018 3525 tit.
1035 3474 1142 3525 deSeu·

166 3559 243 3608 lentio
254 3559 543 3610 eceommuuiootr'oois
535 3573 562 3608 rn
576 3567 624 3610 vr.

196 3643 228 3702 (2)
244 3637 369 3698 Stremler,
388 3636 435 3686 Des
442 3637 531 3700 peiues
541 3637 748 3704 ecclesustiques,
761 3646 825 3701 part.
840 3637 859 3698 1,
876 3642 939 3687 sect.
950 3635 994 3685 Vl.
