2604 4264
250 311 304 360 ¹6⁰
415 315 572 362 nxrosmo
592 313 768 361 inruentes
789 314 872 360 sums
897 313 1068 360 CANONIGI.

247 437 329 496 teras
348 432 526 495 collationis
551 431 732 506 subscribit,
752 435 784 493 et
803 432 836 492 in
855 431 1025 511 aliquibus
1046 428 1230 495 dioecesibus

248 530 450 593 subscribunt
467 530 564 592 etiam
576 530 639 593 duo
650 534 745 591 testes
758 528 812 607 qui
829 528 1000 592 collationi
1018 527 1226 594 intertueriut.

245 628 378 690 Inserta
392 628 529 706 denique
542 627 713 707 apponitur
724 626 797 706 data
810 627 1044 706 expeditionis,
1058 643 1117 688 seu
1126 645 1225 706 annus,

247 725 363 786 mensis
373 730 405 788 et
420 725 561 803 diesque
573 723 700 786 collatio
712 724 852 802 perfecta
866 729 922 787 est.

532 936 548 1000 5
565 934 589 986 2.
607 963 638 972 -
652 934 690 987 lie
705 891 942 990 institutionibus.

282 1108 443 1171 Institutio
457 1109 626 1170 estmodus
639 1106 810 1170 canonieus
822 1107 1015 1186 acquirendi
1027 1105 1220 1168 beneficium.

244 1207 390 1279 Quamvis
405 1208 468 1268 late
480 1209 612 1283 accepta
623 1205 827 1272 collationem
842 1205 939 1266 etiem
950 1205 1116 1278 includat,
1129 1209 1220 1265 tamen

220 1307 224 1316 '
243 1303 352 1366 stricte
370 1304 465 1378 dicta,
486 1306 581 1380 prout
599 1301 652 1363 hie
670 1302 836 1382 accipitur,
855 1302 960 1363 differt
981 1300 1031 1364 eb
1056 1301 1128 1379 ipsa
1141 1301 1221 1360 eolle-

242 1401 340 1476 tione,
358 1418 396 1461 eo
411 1400 497 1476 quod
512 1397 642 1460 collatio
656 1399 699 1462 sit
711 1398 823 1475 libera,
839 1399 1000 1461 institutio
1014 1415 1093 1460 vero
1110 1395 1148 1457 sit
1162 1398 1218 1459 cel·

240 1496 522 1560 lationeeessaria.
1030 1563 1032 1566 ,

282 1597 357 1654 Tres
371 1594 607 1656 institutionum
618 1594 740 1673 species
752 1600 957 1660 recensentur
971 1615 979 1658 τ
992 1597 1104 1676 prima
1115 1598 1214 1661 dicitur

240 1689 376 1750 eolhttiva
391 1690 489 1768 tituli;
506 1692 603 1753 altera
619 1696 667 1753 est
684 1690 914 1770 authorizabilis,
935 1713 1002 1773 qua
1024 1697 1159 1760 clericus
1170 1711 1213 1772 ap·

240 1786 393 1866 probatur
410 1793 442 1850 et
454 1794 659 1867 promovetur
682 1790 720 1850 ad
734 1807 844 1853 euram
856 1791 1042 1872 animarum
1055 1814 1063 1869 3
1078 1793 1164 1855 tertia
1175 1793 1212 1852 est

241 1883 415 1944 investitura
429 1903 484 1946 seu
504 1886 673 1964 insultatio,
692 1905 754 1966 qua
768 1890 903 1951 clericus
914 1891 1040 1969 accipit
1055 1888 1213 1970 possessio·

240 1996 314 2043 nem
328 1980 492 2045 beneficii.

274 2145 397 2208 Qunsuo
413 2147 439 2200 t.
454 2145 493 2200 De
503 2144 685 2201 institutione
695 2145 827 2202 collative
839 2147 917 2204 tituli
926 2151 955 2205 et
963 2152 1037 2220 jure
1044 2149 1206 2222 patronatus.

274 2233 397 2296 Qunsrro
409 2238 436 2290 2.
450 2235 488 2289 De
500 2233 684 2291 institutione
696 2234 911 2293 authorizabili.

273 2323 397 2386 Qunsrro
409 2327 437 2380 3.
452 2325 490 2378 De
504 2323 685 2380 institutione
699 2325 851 2396 corporali.

237 2520 354 2580 Qunsrre
368 2524 401 2568 1¹.
413 2544 443 2554 -
456 2519 495 2568 Du
509 2532 685 2570 msrrrnrrortr
694 2531 830 2571 conterret
844 2533 928 2570 rtrum
939 2534 1045 2571 tersurus
1057 2526 1202 2570 renerum

276 2694 299 2754 I.
317 2693 481 2773 Ejusmodi
501 2692 660 2756 institutio
684 2694 835 2756 definitur
852 2695 991 2756 cotteesst'o
1013 2690 1142 2775 beneficii
1159 2705 1200 2748 ue·
1260 2761 1261 2772 ἵ

236 2791 510 2852 eeott'settetort'tete
522 2791 647 2871 lept‘tt'mt‘
652 2792 812 2874 superioris
823 2793 906 2874 foeta
916 2792 957 2854 ad
963 2787 1199 2874 praesentationem

234 2889 364 2968 petroni.
382 2891 483 2962 Quare
498 2890 561 2950 duo
573 2889 626 2952 hic
637 2891 815 2952 necessaria
830 2896 913 2966 sunt,
926 2908 1044 2970 nempe
1057 2881 1197 2950 institutio

235 2991 268 3048 et
288 2987 502 3066 praesentatio.
528 2988 602 3048 Haee
624 2989 664 3047 ad
688 2992 858 3066 patronum
884 2988 1034 3066 pertinet,
1056 2985 1140 3064 ouJus
1160 2981 1197 3040 esi

235 3082 399 3162 designare
421 3084 590 3160 clericum;
617 3084 672 3146 illa
695 3089 817 3164 spectat
842 3085 882 3145 ad
906 3084 1110 3164 Episcopum,
1123 3076 1196 3155 ouius

235 3184 282 3239 est
298 3182 461 3262 designato
484 3183 602 3245 elerico
626 3181 818 3246 beneficium
842 3183 994 3259 tribuere,
1023 3180 1116 3244 modo
1130 3169 1194 3236 nihil

234 3274 338 3338 obstet
353 3280 443 3360 cujus
458 3298 552 3344 causa
567 3281 768 3361 repellendus
783 3281 928 3343 videatur
943 3280 997 3360 (i).

274 3375 316 3435 Ut
328 3374 487 3440 institutio
505 3379 546 3441 sit
558 3380 723 3455 canonica,
737 3377 804 3441 sine
820 3396 883 3457 qua
901 3377 1089 3440 beneficium
1103 3367 1193 3433 ecele-

232 3470 395 3536 siastieum
419 3492 484 3536 non
507 3473 671 3537 obtinetur
693 3473 771 3554 (reg.
798 3479 813 3535 t
837 3474 871 3534 in
892 3474 936 3554 6),
961 3473 1057 3535 debet
1074 3481 1136 3532 esse
1164 3458 1190 3519 in

263 3630 296 3692 (1)
308 3629 608 3694 Dereti,1nstitutionum
621 3632 798 3684 canonicarum
810 3633 853 3686 lib.
864 3633 885 3696 1,
900 3631 941 3684 tit.
952 3646 978 3698 v,
989 3635 1050 3686 sect.
1060 3630 1083 3680 t.
