2604 4264
219 223 272 272 Μ
397 225 553 274 nxroslrlo
574 227 752 274 unruomua
771 228 854 274 touls
874 229 1029 276 canoulcl.

570 441 789 498 ARTICULUS
811 443 841 497 ll

373 605 406 642 DE
428 602 606 645 annuamus
627 606 754 645 Bouonuu
776 606 1041 646 nectususulcouuu.

261 753 307 812 Ne
329 749 412 812 bona
436 751 500 813 Deo
524 751 628 814 dicata
657 751 871 816 distrahantur
900 753 1205 815 administratorum

219 849 353 925 incuria,
371 865 481 912 eorum
503 849 651 911 alienatio
670 850 846 930 generatim
863 851 1052 930 prohibetur
1067 853 1119 914 vel
1137 852 1205 913 'sal-

219 952 287 1008 tem
298 946 393 1008 certis
407 945 1095 1010 conditionibuscoeroetur.Utoanoueshue
1106 963 1205 1027 speo-

219 1050 323 1106 tantes
337 1049 423 1106 reete
436 1043 653 1124 intelligantur
666 1049 699 1107 et
711 1044 920 1124 applicentur,
936 1045 998 1107 tria
1009 1049 1087 1107 sunt
1097 1061 1205 1123 expo-

220 1143 334 1206 nenda.
622 1131 635 1170 ⁸

255 1279 271 1342 5
285 1278 309 1330 l.
325 1274 364 1328 lte
377 1271 560 1329 alienatione
571 1271 716 1328 bonorum
729 1272 863 1329 Ecclesiae
874 1271 1036 1344 prohibita.

256 1367 271 1430 5
283 1366 310 1418 2.
324 1363 363 1416 De
375 1358 588 1416 conditionibus
600 1359 795 1418 alienationis.

256 1455 271 1518 ς
284 1453 311 1508 3.
326 1451 366 1505 lte
379 1447 457 1504 illius
473 1447 589 1504 affeetu.

266 1639 320 1704 §l
337 1665 368 1676 -
384 1637 422 1689 lle
434 1633 603 1688 alienatione
616 1647 711 1687 rerum
727 1599 982 1689 eoelesimtieamrm
997 1631 1154 1701 prohibite.

259 1797 283 1856 l.
302 1792 379 1868 Quid
389 1793 501 1854 aomina
522 1811 622 1854 rerum
637 1791 778 1854 Ecclesiae
797 1791 844 1853 laic
858 1790 1204 1872 intelliqutur?1ntelli-

221 1897 337 1973 guntnr
349 1891 526 1952 immobilia
544 1894 576 1952 et
597 1907 648 1951 res
669 1889 804 1952 mobiles
816 1890 976 1970 pretiosa,
990 1908 1063 1968 quae
1078 1889 1201 1952 servari
1292 1937 1293 1976 3

178 2053 181 2060 ,
222 1994 364 2070 possunt.

201 2151 204 2157 ,
230 2143 232 2152 χ
263 2085 482 2150 lmmobilibus
501 2084 738 2163 aequiparantur
753 2077 828 2164 jura¹
837 2084 1062 2164 incorporalia,
1083 2100 1201 2146 census
1292 2089 1293 2092 ’

221 2187 329 2262 annui,
341 2187 550 2260 ususfructus,
566 2184 731 2246 servitutes
748 2184 967 2246 immobilibus
981 2185 1198 2246 adhaerentes.

260 2285 390 2349 Mobilia
414 2283 553 2363 pretiosa
573 2283 769 2347 aestimantur
791 2284 839 2344 vel
864 2299 902 2344 ex
921 2282 1047 2343 materia
1065 2299 1127 2344 eeu
1145 2298 1202 2342 au·

221 2401 305 2460 rum,
321 2382 370 2444 vel
387 2399 424 2442 ex
443 2380 541 2460 forma
558 2381 604 2443 uti
625 2380 770 2459 picturae,
792 2381 841 2444 vel
863 2397 901 2442 ex
923 2379 1097 2454 reverentia,
1113 2397 1144 2442 v.
1168 2397 1200 2458 3.

222 2481 377 2561 reliquia.

171 2634 176 2647 ,
261 2581 322 2640 ltes
336 2577 469 2639 mobiles
491 2593 556 2638 non
574 2575 732 2654 pretiosae,
749 2575 1012 2654 praesertimque
1036 2574 1107 2636 sine
1128 2589 1202 2635 oor·

221 2677 368 2757 ruptione
374 2674 489 2738 servari
495 2678 667 2752 nequeunt,
688 2673 728 2734 ab
743 2671 1053 2734 administratoribus
1067 2669 1201 2732 alienari

221 2778 353 2856 possunt
380 2790 418 2835 ex
438 2772 522 2851 justa
543 2787 647 2847 eausa,
676 2770 773 2832 modo
796 2769 930 2832 eeclesia
957 2770 1113 2830 damnum
1134 2783 1201 2828 non

221 2875 367 2954 patiatur.
391 2872 427 2933 Id
443 2870 623 2932 extenditur
645 2869 742 2958 etiarn
767 2869 808 2930 ad
830 2885 880 2930 res
902 2866 1085 2929 immobiles
1100 2863 1204 2944 arripui

221 2970 340 3046 volero,
359 2975 391 3033 et
413 2967 540 3031 inutiles
559 2969 607 3030 vel
632 2965 763 3042 noxias3
786 2967 841 3028 sed
855 2963 1028 3045 requiritur
1047 2960 1200 3042 Episcopi

221 3068 360 3144 licentia,
384 3067 458 3147 qnia
479 3067 670 3146 plerumque
687 3062 822 3142 quaestio
843 3063 918 3126 iacti
941 3061 1059 3142 prae'vie
1083 3057 1201 3122 exami-

221 3167 325 3226 nanda
338 3165 440 3228 erit·

214 3323 218 3332 ,
261 3261 299 3322 ΙΙ.
317 3261 461 3334 Quasnam
476 3270 557 3323 octus
572 3260 708 3323 alienatio
720 3256 968 3340 comprehendat?

263 3358 292 3418 l.
317 3358 565 3435 Comprehendit
590 3364 679 3421 actus
702 3375 759 3436 per
783 3374 862 3435 quos
884 3354 1072 3417 transfertur
1093 3354 1145 3433 jus
1167 3351 1199 3415 in

222 3471 268 3531 re,
284 3453 381 3515 veluti
401 3454 540 3532 donatio,
554 3456 708 3532 venditio,
724 3451 928 3534 permutatio,
954 3451 1057 3514 cessio
1079 3450 1146 3514 litis
1169 3453 1200 3513 et

221 3549 356 3616 actionis
366 3550 433 3629 jam
447 3553 604 3630 quaesitae3
