2604 4264
469 283 542 328 PARS
563 283 725 330 SPEGIALIS.
1028 285 1079 332 16³

87 403 211 461 contra
225 400 381 464 violentas
396 397 619 480 oppressiones
634 398 736 479 ipsam
750 400 798 462 vel
819 401 968 464 ecclesias
983 401 1081 480 parti-

90 497 226 559 culares
243 517 304 575 pro
307 504 427 576 tegunt
511 522 514 527 ·

141 597 176 656 Β.
193 595 353 658 Amt‘ssr'o
331 594 614 676 jurispatronatus.
628 591 716 655 Illius
729 593 913 657 exercitium
926 557 1037 670 cessat,
1055 595 1080 655 si

88 693 147 754 vel
165 693 321 755 terminus
339 697 510 770 praesentat
510 691 748 772 ionispraeflxus
759 693 839 754 srust
826 697 874 754 tra
887 695 1010 772 elapsus
1026 691 1078 768 sit,

86 791 147 852 vel
163 790 189 850 si
203 797 352 868 patronus
366 788 599 852 ecclesiasticus
614 788 781 868 indignum
791 789 1040 869 praesentaverit.

136 885 158 946 J
161 903 195 948 us
207 890 391 962 patronatus
406 883 509 946 amitti
524 889 630 962 potest
644 901 682 945 ex
696 885 816 963 duplici
831 885 945 965 capite,
961 884 1082 948 scilicet

87 1001 134 1042 en:
147 981 260 1057 delr'cto,
275 983 324 1043 vel
343 981 404 1044 sine
416 981 533 1042 delicto.
550 980 699 1057 Crimina,
712 982 828 1062 quibus
843 982 975 1062 privatio
996 982 1080 1044 illius

90 1081 219 1141 adnexa
234 1084 293 1152 est,
311 1084 402 1140 suut:
424 1081 529 1142 caedes
548 1080 598 1140 vel
612 1078 770 1142 mutilatio
785 1081 916 1142 rectoris
934 1082 982 1142 vel
1004 1082 1081 1142 alte-

90 1174 161 1238 rius
169 1175 278 1238 cleriei
293 1175 436 1238 ecclesiae
448 1180 640 1254 patronatae;
654 1175 828 1238 simoniaca
837 1177 977 1240 venditio
989 1177 1079 1240 istius

92 1271 201 1350 juris3
222 1291 340 1352 usurpa
342 1271 386 1334 tio
342 1272 567 1334 tbonorum
583 1272 751 1350 beneficii;
768 1275 910 1351 haeresis‚
931 1272 1077 1348 schisma,

94 1387 224 1432 cumen
235 1372 321 1432 laesae
337 1371 520 1449 majestatis.

141 1467 220 1530 Sine
243 1467 357 1530 delicto
327 1467 485 1530 tamittr
478 1466 539 1528 'tur
558 1449 703 1545 pluribus
724 1465 839 1543 modis,
863 1483 981 1546 nempe
1008 1427 1081 1528 des-

96 1563 203 1626 truet'
179 1569 267 1626 tione
285 1564 425 1628 ecclesiae
439 1572 494 1628 aut
507 1563 639 1627 interitu
654 1564 753 1641 dotis;
781 1565 974 1628 extinctione
988 1563 1082 1626 lami-

99 1659 155 1723 liae
170 1661 345 1724 fundatoris
358 1685 367 1738 ;
380 1660 555 1724 voluntaria
566 1662 709 1724 cessione
725 1664 775 1726 vel
787 1660 1039 1742 prascriptione.

267 1887 382 1946 Qunsrro
395 1889 429 1937 ιι.
443 1911 471 1922 -
482 1888 519 1937 Dr
534 1899 705 1938 rusrmurronu
718 1897 915 1936 nuruoumnur.

140 2057 171 2119 Ι.
193 2056 354 2120 Institutio
376 2059 610 2122 authorizabilis
628 2064 675 2124 est
696 2059 855 2121 auctoritas
877 2055 921 2118 ab
935 2055 1082 2136 Episcopo

102 2153 176 2214 dato
188 2154 219 2214 ιιι
235 2174 307 2232 noes,
327 2174 382 2218 seu
395 2157 580 2220 commissio
594 2158 725 2238 regendi
744 2158 853 2217 fideles
875 2157 908 2215 in
920 2153 1080 2233 parochia.

101 2255 186 2315 Cum
211 2252 386 2334 Episcopus
408 2257 460 2335 jus
483 2256 678 2340 provisionis,
697 2259 828 2336 plenum
852 2253 960 2326 habet,
988 2251 1082 2314 unico

101 2353 179 2411 actu
202 2351 387 2414 conceditur
410 2359 544 2433 utraque
566 2354 724 2417 institutio
739 2354 813 2416 sive
827 2352 972 2414 collativa
986 2347 1081 2424 tituli,

99 2446 168 2509 sive
182 2464 258 2509 cura
272 2450 461 2513 animarum.

142 2547 264 2608 Verum
284 2545 318 2606 in
337 2546 501 2610 beneficiis
516 2549 643 2625 curatis
663 2548 787 2612 etiamsi
809 2545 968 2608 institutio
988 2543 1085 2603 colla·

103 2643 168 2704 tiva
179 2641 265 2704 tituli
278 2649 401 2722 spectet
415 2645 455 2712 ad
470 2644 568 2707 alium
582 2649 759 2726 praelatum,
773 2641 959 2725 approbatio
973 2639 1012 2698 ad
1031 2654 1085 2698 cu·

102 2755 172 2801 ram
188 2738 367 2800 animarum
387 2741 508 2823 dejure
522 2743 685 2806 communi
706 2744 745 2805 ab
765 2741 924 2820 Episcopo
940 2733 1084 2797 facienda

105 2843 164 2917 est,
181 2843 214 2900 et
227 2836 344 2900 dieitur
361 2837 517 2903 institutio
529 2840 764 2904 authorizabilis
780 2840 831 2919 (l).

142 2935 180 2996 Il.
201 2935 362 2998 Institutio
376 2938 610 3000 authorizabilis
631 2939 676 2999 ita
689 2935 844 3014 competit
860 2931 1031 3010 Episcopo,
1049 2933 1084 2990 ut

102 3035 142 3097 ab
163 3036 307 3097 interiori
333 3037 455 3116 acquiri
478 3042 625 3116 nequeat,
653 3035 750 3097 etiam
775 3028 1006 3095 consuetudine
1030 3032 1084 3087 aut

105 3133 349 3212 praescriptione
368 3133 626 3207 immemorabili,
641 3131 781 3211 quandiu
795 3126 950 3190 beneficia
976 3128 1083 3186 curata

102 3247 170 3291 non
185 3230 368 3292 eximuntur
379 3249 397 3291 a
399 3231 623 3310 jurisdictione
633 3227 794 3306 Episcopi.
811 3224 988 3288 Concilium
999 3222 1085 3283 enim

104 3326 329 3389 Tridentinum
344 3329 453 3389 statuit
475 3347 481 3388 :
501 3329 638 3404 «Neque
653 3325 871 3399 admittantur,
893 3321 989 3384 etiarn
1002 3337 1085 3400 prae-

105 3429 195 3487 textu
216 3423 456 3492 consuetudinis
488 3424 527 3487 ab
555 3423 802 3487 immemorabili
832 3414 976 3502 tempore
1004 3435 1085 3498 prae-

140 3611 174 3669 (1)
187 3609 322 3670 zullingon,
331 3611 373 3658 lib.
389 3610 429 3669 lll,
441 3609 481 3659 tit.
493 3623 538 3659 vn.
