2604 4264
231 324 264 370 90
406 321 563 369 nxrosl'tlo
585 319 761 366 Euaflomcn
782 319 865 366 scats
887 320 1042 369 canotum.

266 443 416 504 Attamen
451 458 524 503 cum
551 437 799 502 sacramentalia
825 437 889 500 sint
919 439 1125 503 institutionis
1156 457 1208 502 ec·

229 536 427 614 ctesiasticae‚
453 536 547 600 etiam
575 535 740 598 ordinibus
765 535 967 598 inferioribus
980 538 1150 618 aliquando
1163 537 1204 598 ab

224 634 457 698 Ecclesiadatur
466 639 604 716 potestas
616 636 665 697 vel
679 634 873 713 dispensatio
887 634 972 698 circa
984 638 1204 700 Sacramenta-

230 733 642 798 liumadministrationem.

397 945 449 1011 §³-
464 971 496 984 -
507 944 619 1012 aeuus
633 943 781 1010 panaretos
795 942 1031 997 benedictionum.

264 1117 289 1178 Ι.
308 1115 465 1188 Quaelibet
476 1113 659 1178 benedictio
670 1131 730 1176 nec
744 1113 846 1176 valide
856 1130 917 1174 nec
930 1113 1015 1176 licite
1029 1115 1075 1190 fit,
1092 1113 1153 1176 nisi
1166 1115 1204 1176 ab

225 1230 263 1274 eo
279 1213 332 1292 qui
357 1213 396 1273 ad
419 1213 482 1274 talc
508 1229 622 1274 munus
652 1211 824 1274 destinatus
850 1215 897 1273 est
920 1211 959 1272 ab
984 1211 1137 1288 Ecclesia,
1165 1213 1205 1273 ad

225 1327 331 1390 quarn,
353 1310 447 1372 sicuti
471 1310 610 1389 pertinet
634 1309 792 1372 institutio
814 1309 1087 1386 benedictionum,
1110 1311 1207 1374 itaet

225 1407 400 1488 designatio
416 1407 552 1486 legitimi
565 1407 715 1470 ministri.

263 1506 381 1585 Regula
392 1505 436 1568 ita
455 1507 578 1568 videtur
589 1505 807 1585 intelligenda,
827 1509 868 1566 ut
888 1503 929 1566 sit
945 1508 1071 1567 tantum
1090 1505 1205 1569 illicita

226 1603 407 1665 benedictio
417 1603 484 1665 sine
495 1604 693 1682 delegatione
705 1605 788 1666 lacta
804 1620 822 1663 a
836 1601 979 1664 ministro
993 1603 1047 1682 qui
1063 1604 1204 1684 delegari

231 1705 347 1781 potest,
363 1719 390 1762 v.
407 1719 437 1780 g.
450 1700 634 1762 benedictio
651 1701 910 1762 indumentorum
927 1701 1173 1762 sacerdotalium
1188 1719 1206 1762 a

224 1798 363 1877 simplici
373 1800 537 1862 sacerdote
551 1800 653 1873 lacta;
673 1799 699 1860 si
715 1815 788 1860 vero
801 1803 912 1876 agatur
925 1797 964 1858 de
978 1797 1205 1861 benedictione

223 1897 261 1958 ad
276 1913 371 1976 quam
386 1896 459 1958 talis
482 1897 626 1958 minister
643 1913 709 1957 non
734 1899 838 1975 potest
857 1895 1005 1974 delegari,
1033 1896 1135 1974 qualis
1158 1902 1206 1960 cst

222 1993 419 2056 consecratio
433 1993 540 2056 calicis
554 2011 572 2054 a
594 1993 730 2055 diacono
746 1993 840 2068 facta,
857 2008 894 2052 ea
909 1991 1028 2057 sitnon
1042 1994 1146 2054 solum
1166 1993 1205 2054 il·
1290 1989 1292 2052 l

221 2091 318 2167 licita,
335 2091 390 2153 scd
409 2091 503 2153 etiam
516 2091 666 2152 invalida.
681 2089 773 2152 Ratio
789 2094 847 2163 est,
865 2089 940 2167 quia
953 2088 987 2149 in
1007 2089 1118 2169 priori,
1136 2108 1203 2152 non

220 2205 293 2251 vero
303 2188 335 2248 iu
346 2189 515 2268 posteriori
531 2207 616 2264 casu,
636 2189 781 2251 minister
792 2187 992 2265 aliquatenus
1007 2185 1046 2247 ab
1059 2187 1203 2248 Ecclesia
1262 2231 1264 2234 >

223 2286 401 2348 destinatur
414 2289 477 2348 adt
464 2288 527 2347 tale
540 2304 666 2348 munus

258 2384 297 2444 ll.
319 2385 397 2446 Cum
406 2382 646 2446 benedictiones
658 2383 795 2446 habeant
807 2383 948 2462 aquuam
961 2380 1203 2463 proportionem

219 2496 293 2541 cum
306 2481 529 2556 Sacramentis‚
539 2482 620 2544 srcut
628 2487 693 2543 ma
696 2481 760 2543 eria
771 2473 955 2544 sacrament
957 2480 1204 2542 orumconsistit
1290 2511 1291 2541 l

218 2577 252 2638 in
269 2578 375 2654 rebus,
389 2580 448 2640 eti
447 2596 536 2639 orma
549 2580 584 2640 in
595 2579 711 2650 verbis,
729 2580 795 2642 ita
787 2597 820 2639 rn
834 2577 1122 2640 Sacramentalibus
1134 2594 1204 2638 ma-

217 2672 298 2733 teria
312 2678 360 2735 est
372 2691 421 2735 res
441 2693 512 2753 quaa
530 2675 741 2751 benedicitur,
755 2677 858 2738 forma
872 2693 945 2736 vero
961 2678 1086 2737 constat
1094 2673 1201 2735 verbis
1214 2657 1221 2676 '

218 2773 249 2831 et
263 2768 376 2832 ritibus
391 2771 486 2833 simul
501 2772 702 2834 adhibendis.
728 2772 864 2833 Proinde
886 2774 924 2833 ad
940 2773 1081 2834 valorem
1099 2771 1199 2833 bene·

218 2866 368 2928 dictionis
380 2869 554 2948 requiritur
568 2870 736 2949 praesentia
750 2886 959 2948 personarum
977 2875 1009 2930 et
1022 2886 1129 2930 rerum
1144 2868 1200 2930 be·
1289 2921 1290 2956 ζ

217 2965 467 3044 nedicendarum
480 2989 488 3044 ;
503 2970 622 3048 pariter
636 2968 820 3048 requiritur,
837 2969 922 3047 quod
935 2985 994 3030 nec
1013 2968 1202 3030 omittantur

217 3079 277 3122 nec
292 3069 455 3128 mutentur
467 3066 563 3128 verba
576 3072 608 3128 et
622 3067 711 3146 signa
731 3083 802 3145 quac
825 3065 865 3126 ab
891 3066 1034 3129 Ecclesia
1052 3065 1201 3145 prascri-

219 3155 347 3224 buntur.

257 3256 335 3318 Cum
357 3257 405 3320 vis
431 3260 668 3324 benedictionis
693 3259 727 3323 in
752 3260 951 3323 invocatione
967 3265 999 3322 et
1018 3259 1198 3323 intentione

215 3353 368 3416 Ecclesiae
390 3358 551 3436 consistat,
572 3357 711 3440 formula
725 3357 984 3420 benedictionum
998 3357 1059 3418 illae
1073 3361 1199 3418 tantum
1288 3351 1289 3403 l

217 3449 363 3512 adbiberi
386 3463 521 3533 possunt
533 3475 603 3536 quaa
617 3457 651 3517 in
665 3456 852 3533 Pontificali,
877 3454 994 3517 Missali
1012 3458 1066 3516 aut
1081 3453 1198 3516 Rituali

217 3547 431 3627 reperiuntur,
448 3553 496 3612 vel
510 3553 550 3614 ab
563 3554 747 3634 Apostolica
762 3555 843 3616 Sede
858 3551 1041 3632 approbate
1056 3551 1196 3613 fuerunt.

256 3645 309 3707 ΙΙΙ.
333 3645 477 3709 Ecclesia
501 3648 534 3708 in
561 3649 840 3713 benedictionibus
865 3648 995 3712 adhibet
1012 3665 1072 3728 pro
1093 3649 1198 3710 torma
1287 3649 1288 3692 i

1286 3700 1288 3768 l
