2590 4262
236 276 289 322 2⁵⁶
396 270 556 318 exrosmo
577 269 757 324 nuntiemus
778 269 861 314 Juuts
883 267 1039 315 CANONICI.

313 475 337 522 2.
352 468 461 520 Privatio
475 466 611 517 officiorum
623 473 650 516 et
670 467 845 516 bencddorum
858 467 1081 516 ecclesiasticorum
1097 468 1139 528 (l).

275 625 298 685 1.
313 620 617 684 Excommunicalus
629 620 665 680 fit
676 619 804 698 incapar
819 617 970 678 obtraendi
983 617 1150 700 beneficium
1162 636 1222 680 ec·

236 719 462 794 clesiasticum‚
478 717 525 779 ita
536 721 571 778 ut
585 715 725 795 provisio
739 716 780 778 sit
799 717 870 794 ipso
881 717 953 795 jure
975 716 1073 778 nulla.
1090 717 1220 778 Benefi·

236 819 294 882 ciis
306 835 381 880 vero
395 821 489 878 antea
502 815 641 877 obtentis
652 814 827 893 generatim
841 832 905 875 non
920 815 1073 892 privatur.
1289 807 1290 894 l

276 917 315 978 ΙΙ.
347 914 486 978 Clericus
514 912 548 972 in
580 910 952 979 excommunicationem,
972 911 1122 973 incidens
1147 910 1220 989 ipso
1289 895 1290 984 l

237 1015 320 1075 lacto
332 1029 400 1072 non
413 1010 553 1089 privatur
565 1007 713 1088 (ructibus
725 1008 872 1069 beneficii
882 1014 974 1069 antea
987 1009 1047 1070 rite
1057 1007 1217 1086 acquisiti.

237 1110 330 1173 Ratio
349 1114 407 1185 est,
423 1109 497 1187 quia
508 1106 541 1168 id
557 1108 645 1167 nulla
660 1107 728 1186 lege
740 1105 898 1179 statuitur;
916 1105 993 1166 inde
1007 1107 1144 1168 infertur
1158 1105 1220 1184 pri·
1289 1097 1290 1116 ¹

238 1208 398 1274 rationem
420 1206 583 1266 fructuum
607 1203 786 1265 faciendam
802 1220 869 1264 esse
896 1202 1074 1264 ministerio
1084 1203 1220 1282 judicis.

246 1371 249 1376 ,
277 1307 330 1368 lll.
346 1305 435 1377 Quod
456 1302 568 1363 attinet
580 1301 621 1361 ad
634 1300 848 1378 privationem
854 1299 1083 1380 jurisdictionis,
1100 1300 1219 1378 quaeri-

238 1410 301 1478 tur,
336 1420 376 1462 an
402 1397 697 1462 excommunicatus
719 1413 790 1459 eam
809 1414 870 1459 nec
899 1397 995 1471 licite,
1029 1414 1089 1458 nec
1120 1398 1224 1459 valide

240 1501 395 1562 exerceat.

279 1601 309 1658 l.
327 1592 629 1656 Excommunicatus
642 1592 783 1670 privatur
797 1611 856 1654 usu
872 1591 1117 1672 jurisdictionis,
1133 1593 1178 1654 ila
1189 1599 1222 1654 ut

240 1692 319 1754 licite
332 1707 404 1751 eam
420 1705 567 1750 exercere
578 1699 643 1750 non
655 1689 765 1768 possit.

276 1791 308 1850 2.
327 1786 506 1850 Difficultas
521 1792 579 1864 est,
595 1792 702 1849 utrum
712 1787 1000 1860 excommunicato,
1018 1789 1155 1848 durante
1170 1804 1225 1847 ex·

239 1885 546 1960 communicatione,
570 1885 752 1964 jurisdictio
778 1885 819 1946 sit
843 1885 974 1946 omnino
996 1886 1158 1962 adempta,
1186 1901 1225 1944 an

239 1984 342 2046 solum
367 1983 451 2044 illius
465 2000 538 2042 usus
561 1980 788 2060 prohibeatur?
814 1982 993 2043 Discrimen
1011 1982 1119 2044 existit
1141 1983 1229 2043 inter

241 2079 556 2141 excommunicatum
567 2078 732 2140 vitandum
744 2078 965 2140 ettoleratum.

277 2175 464 2238 iurisdictio
493 2175 709 2237 ecclesiastica
734 2175 1011 2237 excommunicato
1034 2173 1156 2236 citando
1180 2181 1226 2236 est

240 2273 372 2334 omnino
382 2273 543 2350 adempta.
559 2271 641 2334 Hinc
651 2272 780 2335 invalidi
792 2276 868 2333 sunt
880 2277 968 2334 actus
976 2272 1224 2354 jurisdictionis,

241 2387 320 2450 quos
339 2371 399 2432 iste
412 2374 591 2449 perageret.

280 2467 583 2528 Excommunicatus
608 2465 748 2528 toleratus
773 2467 876 2528 valide
889 2471 1014 2528 exercet
1025 2465 1225 2546 jurisdictio-

240 2581 326 2640 nem,
346 2563 516 2642 quandiua
530 2562 677 2636 fidelibus
689 2565 799 2625 contra
816 2563 922 2642 ipsum
933 2565 1079 2642 exceptio
1091 2582 1157 2628 non
1171 2583 1228 2644 op-

242 2662 381 2744 ponitur.
420 2661 512 2722 Ratio
536 2666 600 2736 est‚
630 2661 703 2740 quie
728 2661 867 2724 Ecclesia
892 2661 1039 2724 fidelibus
1065 2664 1225 2743 permittit

241 2748 567 2824 communicationem
577 2763 647 2820 tum
662 2758 695 2818 in
710 2759 835 2834 divinis,
853 2765 920 2820 tum
932 2759 1132 2833 inhumanis,
1147 2777 1237 2830 cum,

240 2858 526 2921 excommunicatis
540 2856 635 2935 hujus
649 2855 787 2936 generis3
805 2861 974 2935 propterea
996 2857 1090 2918 debet
1102 2857 1137 2916 in
1158 2858 1227 2919 illis

236 2954 494 3034 jurisdictionem
512 2970 710 3030 conservare,
730 2958 764 3015 ut
782 2953 847 3032 epti
864 2954 928 3016 sint
942 2955 982 3014 ad
995 2955 1078 3017 hanc
1092 2971 1167 3018 cum
1185 2957 1227 3016 fi-

241 3050 365 3115 delibus
377 3027 715 3114 communicationem.

279 3149 332 3212 IV.
361 3147 657 3212 Excommunicatio
683 3147 786 3227 privat
809 3147 953 3228 facultate
972 3148 1170 3226 eoum'oncadi,
1194 3159 1224 3212 et

238 3243 351 3323 publice
370 3244 484 3327 lepecdt'
497 3247 667 3327 theolopt'cm
681 3254 736 3307 cut
749 3247 800 3328 jus
812 3248 1000 3325 canonicum·
1012 3267 1085 3311 nam
1101 3251 1160 3312 ista
1173 3256 1223 3312 cst

241 3340 391 3402 notabilis
406 3343 656 3406 communicatio
669 3345 952 3410 excommunicatis
972 3346 1142 3426 prohibita,
1157 3347 1222 3420 sal-

273 3525 308 3587 (l)
331 3524 459 3588 Stremler,
485 3527 534 3576 Der
555 3528 640 3592 peltes
659 3527 865 3596 ecelesiasticam,
889 3537 955 3594 pert.
980 3531 1001 3592 Ι,
1032 3539 1092 3585 sect.
1119 3530 1162 3583 lll.
1189 3554 1223 3569 ·-

241 3603 471 3667 Schmelzgrueber‚
485 3607 531 3656 lus
541 3607 745 3674 ecclesiasticum,
758 3611 802 3663 lib.
821 3610 851 3673 V,
862 3611 902 3664 tit.
917 3624 1001 3662 xxxix.
