2604 4264
425 283 499 330 PARS
520 283 684 331 sesuldum.
989 287 1043 335 les

97 407 126 466 2.
145 405 246 465 Actus
259 401 315 481 qui
325 400 550 464 alienationem
562 408 755 481 praeparant,
770 403 817 466 uti
833 409 905 480 sunt
915 404 1043 485 pignus,

57 501 242 584 hypotheca
255 499 419 578 specialis;

98 603 130 662 3.
147 600 246 660 Actus
261 614 320 676 per
334 615 414 676 quos
425 585 613 659 transfertur
631 597 811 661 dominium
827 600 923 662 etiam
937 599 1042 660 minus

57 699 205 776 plenum,
237 695 418 773 cujusmodi
444 699 518 756 sunt
541 695 658 757 locatio
686 696 852 772 diuturna,
880 697 1047 776 impositio

57 796 272 870 ususfructus,
287 793 362 855 novi
376 792 576 872 gravaminis,
597 794 757 857 servitutis
773 796 827 874 (l).

270 1027 322 1091 §2
332 1053 363 1066 -
372 1027 411 1080 De
423 1027 631 1084 conditionibus
647 1027 835 1084 alienationis.

99 1209 322 1288 Requiruntur
348 1209 548 1272 conditiones
577 1211 714 1290 duplicis
748 1212 896 1292 generis,
925 1229 1041 1292 nempe

51 1308 153 1388 justa
165 1325 261 1368 consoe
273 1311 304 1368 ct
319 1305 522 1369 solennitates.

102 1407 127 1466 l.
159 1403 315 1484 Legitimae
346 1422 440 1465 cansoe
467 1403 658 1467 alienationis.
687 1439 729 1450 -
754 1406 844 1468 lusia
875 1423 969 1467 causa
996 1411 1046 1470 est

60 1506 91 1566 t.
105 1500 265 1576 necessitas
276 1499 408 1577 ecclsiis,
429 1501 481 1562 cui
492 1518 607 1580 nempe
620 1503 682 1564 alio
695 1504 793 1564 modo
804 1502 962 1572 subveniri
977 1521 1044 1566 non

60 1604 188 1680 potest,
203 1604 257 1660 aut
278 1598 304 1658 si
321 1599 382 1674 lex,
405 1599 561 1662 sententia
575 1598 705 1678 judicis,
721 1617 866 1679 expressa
884 1601 1044 1663 testatoris

59 1697 211 1759 voluntas
229 1696 388 1757 alien-andi
409 1697 632 1759 necessitatem
652 1697 798 1775 imponit.
817 1698 896 1770 Quia
909 1715 982 1760 vero
993 1699 1046 1778 jus

62 1793 264 1856 necessitatis
279 1793 387 1856 stricte
397 1795 589 1856 sumendum
599 1789 658 1868 est,
671 1795 846 1855 cavendum
857 1799 953 1856 estne
964 1795 1047 1857 ultra

62 1893 290 1955 necessitatem
310 1893 513 1970 procedatur3
539 1892 615 1954 hinc
637 1892 779 1972 primum
798 1892 976 1954 alienantur
995 1909 1045 1954 res
1125 1957 1127 1960 .

64 1991 172 2051 minus
189 1989 394 2064 necessariae,
424 2006 527 2070 neque
554 1991 595 2052 ed
615 1990 839 2052 alienationem
859 1995 1046 2071 perpetuam

63 2087 253 2169 proceditur
278 2087 304 2148 si
327 2105 385 2167 per
408 2088 616 2164 locationem,
645 2094 721 2165 etc,
747 2089 918 2151 necessitas
946 2089 1042 2152 levari

63 2185 181 2266 possit.

104 2286 136 2346 2.
159 2281 286 2344 Eotilens
294 2283 435 2346 Ecclesiae
446 2283 568 2358 utilitas,
582 2301 644 2362 qua
653 2286 752 2345 status
762 2283 860 2362 ipsius
871 2284 1042 2360 litmelior,

64 2382 112 2442 vel
120 2382 370 2444 incommoditas
382 2381 528 2461 quaedam
536 2382 685 2455 aufertur,
698 2399 726 2442 v.
740 2400 769 2460 g.
782 2381 808 2442 si
818 2397 868 2443 res
878 2383 1046 2444 alienanda

66 2481 162 2559 longe
174 2479 281 2541 distet.

104 2581 138 2638 3.
154 2577 266 2652 Pietas,
281 2595 312 2638 r.
331 2595 360 2656 g.
383 2594 441 2656 pro
463 2577 659 2639 redimendis
673 2577 814 2656 captivis,
835 2577 1048 2640 sustentandis

67 2674 261 2754 pauperibus
275 2675 308 2734 in
321 2675 407 2755 gravi
420 2674 537 2754 inopia.

102 2776 143 2836 ll.
165 2776 401 2851 solemnitates,
424 2780 540 2855 praeter
559 2777 680 2856 justam
701 2793 841 2852 causam,
867 2767 906 2835 ad
927 2773 1048 2834 aliena-

66 2871 189 2935 tionem
204 2873 426 2951 requiruntur.

107 2974 136 3032 l.
151 2973 187 3031 ln
201 2972 346 3047 ecclesia,
364 2989 435 3052 quae
455 2971 630 3051 capitulum
653 2973 750 3034 habet
763 2971 803 3051 (v.
819 2988 849 3049 g.
866 2969 899 3028 in
912 2966 1048 3029 ecclesia

67 3068 257 3144 cathedrali,
278 3070 454 3149 collegiata,
473 3071 677 3150 regularium)
698 3067 895 3131 necessarius
910 3071 1048 3143 estprae-

67 3166 135 3228 vius
145 3166 370 3245 capitularium
382 3171 544 3243 tractatus,
562 3183 674 3229 corum
691 3182 863 3228 consensus
872 3181 930 3243 per
941 3167 1048 3225 ectum

67 3263 277 3342 capitularem
291 3265 462 3344 praestitus,
481 3264 716 3350 subscriptione
726 3257 1049 3342 praelatiltquorum·

69 3362 143 3423 dam
156 3363 271 3424 saltem
284 3363 324 3425 de
338 3363 479 3442 capitulo
494 3363 648 3424 firmatus.

98 3549 129 3609 (ll
143 3549 278 3611 zillingar,
290 3549 463 3600 institutiones
470 3548 542 3614 jans
553 3547 722 3609 ecclesiastici,
736 3547 778 3597 lib.
791 3547 835 3609 lll,
847 3547 887 3598 tit.
899 3560 956 3598 xrrr.

101 3630 133 3691 (l)
145 3630 377 3694 Schmnlagrueber,
386 3631 429 3682 lib.
445 3629 490 3691 lll,
506 3629 538 3680 de
549 3629 627 3680 Rebus
637 3627 742 3680 ecclesie
752 3642 800 3678 nan
812 3627 967 3679 alienandis.

189 3728 225 3773 Il.
915 3723 929 3770 8
