2618 4252
188 304 240 350 ³2⁰
353 301 510 347 EXPOSITIO
530 299 710 358 uqrhomch
732 299 814 345 lunis
836 298 993 349 ethorum.

186 421 298 482 Munus
319 419 406 481 onim
427 417 518 478 istius
533 417 696 495 potestatis
713 421 761 478 est
778 415 899 477 honum
920 414 1167 478 Christianitatis

185 533 385 597 promovere.
412 513 509 593 Atqui
535 513 656 575 bonum
681 511 865 592 hujusmodi
892 529 1077 591 promovere
1096 532 1168 575 non

186 619 291 695 potest
303 614 357 675 ille
370 611 424 691 qui
439 611 606 690 profitetur
616 609 802 689 religionem
813 608 1047 671 christianismo
1060 609 1169 670 inimi·
1205 680 1211 689 ,

187 730 268 775 cam.
286 712 377 774 Unde
395 713 482 788 patet
496 708 576 770 ratio
592 725 649 768 cur
663 707 812 786 princeps
827 707 880 786 qui
895 707 934 768 ah
950 707 1093 769 Ecclesia
1106 707 1166 768 de-

187 807 324 883 fecisset,
344 807 383 867 ah
399 804 535 883 irnperio
554 805 700 882 delapsus
716 805 944 867 declarabatur.

226 907 273 968 Ita
286 905 459 965 formatum
476 903 536 964 fuit
558 901 657 963 medii
674 902 731 962 aevi
743 901 795 980 jus
815 901 991 979 publicum,
1010 900 1097 979 quod
1117 899 1172 958 in-

189 1003 341 1081 telligitur
356 1019 394 1062 ex
409 999 636 1061 constitutione
653 999 896 1060 Christianitatis
912 997 965 1076 (l).

229 1103 259 1161 3.
279 1097 427 1178 Profectio
443 1095 621 1158 ethnorolrioe
638 1095 812 1181 christique.
833 1129 873 1142 -
887 1094 1103 1157 christianitas
1119 1097 1171 1156 cst

189 1197 330 1275 perfecta
345 1192 545 1267 ethnarchia;
563 1193 682 1255 etenim
699 1192 782 1254 illius
798 1193 935 1254 maxima
949 1197 995 1264 est
1016 1191 1119 1252 unitas
1137 1195 1172 1253 et

189 1293 342 1356 efficacia.

229 1392 330 1451 'lanto
347 1389 447 1466 major
461 1391 508 1448 est
525 1387 652 1450 socialis
665 1387 772 1463 unitas,
789 1386 997 1466 quovalidius
1007 1391 1063 1448 est
1076 1386 1173 1466 prin-

190 1488 312 1567 cipium
326 1477 455 1547 u'nitatis
468 1501 523 1544 seu
536 1483 718 1547 auctoritas.
735 1485 831 1563 Atqui
844 1483 1069 1546 christianitati
1084 1502 1173 1563 prae·

191 1589 238 1646 est
249 1581 608 1652 infallibilisauotoritas
620 1580 783 1654 Ecclesia,
798 1599 868 1658 quae
882 1581 1006 1643 fortiter
1015 1585 1052 1642 'et
1064 1581 1173 1642 suavi-

190 1687 240 1744 ter
255 1681 447 1753 dominatur,
466 1677 689 1756 societatisque
704 1694 777 1738 vera
791 1677 931 1756 pericula
949 1684 981 1740 et
998 1679 1174 1739 commoda

192 1776 371 1850 denuntiat3
388 1777 474 1836 unde
491 1774 630 1835 nascitur
644 1773 842 1852 judiciorum
864 1773 977 1852 unitas‘,
1006 1792 1101 1854 quam
1122 1791 1172 1837 sc-

189 1875 299 1956 quitur
312 1874 417 1934 unitas
432 1873 629 1934 voluntatum
646 1875 678 1932 et
692 1871 866 1946 actionum.
960 1887 963 1892 ·

234 1969 401 2032 Societatis
417 1967 550 2048 efficacia
571 1967 671 2028 oritur
694 1985 711 2028 a
734 1967 918 2046 praestantia
935 1966 1016 2042 linis,
1036 1984 1054 2027 a
1076 1967 1173 2046 copia

192 2067 383 2139 mediorum,
415 2081 432 2124 a
460 2064 679 2144 magnitudine
709 2067 924 2142 praemiorum.
960 2065 1056 2143 Atqui
1082 2065 1174 2125 nulla

192 2163 325 2226 societas
353 2161 607 2238 praestantiorem
635 2162 731 2223 tinem
760 2163 973 2242 prosequitur,
1009 2161 1173 2242 siquidem

192 2259 434 2321 Christianitatis
450 2259 520 2318 finis
534 2257 752 2336 estreligionis
764 2261 907 2340 (teleusin
921 2264 952 2340 et
966 2261 1167 2340 propagatio.

193 2358 285 2419 Nulla
303 2355 438 2417 societas
460 2356 575 2417 mediis
592 2357 826 2435 potentioribus
840 2359 955 2433 utitur3
977 2359 1060 2419 illius
1084 2358 1172 2420 enim

194 2454 301 2516 media
316 2458 389 2514 sunt
405 2453 554 2532 praesidia
574 2454 730 2514 naturalia
745 2459 778 2517 et
792 2455 967 2534 spiritualia
985 2455 1100 2535 quihus
1114 2472 1173 2514 na-

192 2554 295 2616 tiones
313 2560 343 2615 et
358 2553 500 2614 Ecclesia
515 2554 683 2616 donantur.
698 2553 790 2614 Nulla
806 2554 936 2614 demum
951 2555 1082 2614 societas
1100 2569 1172 2612 ma-

189 2652 261 2730 jora
272 2651 405 2730 praemia
419 2650 583 2728 prospicit,
600 2667 673 2710 nam
689 2650 756 2730 ojus
773 2637 905 2729 praemia
918 2656 991 2712 sunt
1006 2651 1085 2712 hona
1095 2649 1171 2710 vitae

193 2749 543 2826 prasentisctfuturae.
604 2743 605 2746 ’

128 2857 130 2862 ’
233 2850 263 2906 4.
289 2845 433 2908 Externio
454 2853 482 2906 et
504 2843 713 2928 vicissitadr'nqs
730 2844 970 2907 Christianitatis
996 2879 1035 2892 -
1055 2847 1174 2907 Eoedus

195 2943 389 3006 cthnarchiae
406 2943 599 3018 christiana,
613 2945 639 3004 si
650 2943 800 3024 jungatur
814 2945 896 3006 inter
908 2947 1061 3024 quasdam
1075 2945 1178 3008 natio·

194 3058 250 3102 nes
270 3043 453 3118 catholicas,
471 3059 509 3104 eo
524 3042 640 3118 tendit,
656 3047 693 3104 ut
705 3043 816 3104 ornnes
831 3045 975 3104 nationes
990 3045 1089 3105 fidem
1103 3059 1177 3122 pro·

196 3139 319 3201 fitentes
329 3141 571 3218 complectatur.
583 3139 679 3218 Atqui
693 3131 819 3217 optima
824 3160 897 3220 pars
910 3142 1039 3202 humani
1050 3140 1178 3220 generis

196 3235 260 3314 agit
279 3253 406 3298 causam
426 3236 588 3312 religionis
606 3237 783 3311 catholica,
808 3239 883 3299 dum
899 3239 1060 3318 reliquum
1075 3255 1175 3317 genus

195 3332 369 3394 humanum
381 3333 414 3394 in
429 3335 517 3394 mille
530 3338 631 3398 sectas
645 3331 780 3396 divisum
794 3340 852 3397 est.

236 3429 318 3491 Olim
338 3432 436 3510 viguit
460 3431 646 3493 ethnarohia
664 3431 846 3509 christiana,
867 3432 956 3511 cujus
979 3439 1045 3495 erat
1063 3431 1176 3494 ohser-

228 3630 262 3694 (t)
271 3633 404 3695 Tapnrelli,
417 3633 492 3682 Esset
501 3633 630 3698 tte'orr'que
640 3632 671 3682 de
683 3633 755 3682 droit
768 3634 878 3698 natural,
891 3635 933 3686 liv.
947 3637 1004 3688 llll.
