2604 4264
464 325 538 370 rens
560 323 726 374 sanemus.
1029 309 1080 377 ria

140 447 195 508 IV.
209 443 415 525 Beliqoz‘crnm
435 442 571 517 inventio,
586 443 736 519 concessio,
750 443 879 506 custodio
891 456 919 508 et
930 449 1081 528 copositio.

142 542 172 604 l.
194 541 336 604 Plurima
350 558 484 619 corpora
499 542 689 603 Sanctorum
704 541 892 604 inveniuntur
905 561 979 606 oum
999 546 1083 609 notis

98 643 133 701 et
149 639 247 720 signis
261 637 414 718 martyrii.

144 735 269 798 Sanctis
282 733 399 814 ignotis
413 733 622 813 imponuntur
635 734 767 796 nomina
782 739 983 816 appellativa.
1142 803 1151 818 ,

146 838 176 897 2.
205 833 358 911 Reliquiae
384 834 574 894 Sanctorum
601 849 658 911 per
682 832 831 895 eeclesias
859 835 1085 897 convenienter

99 930 333 992 distribuuntur.
362 933 452 991 Nunc
477 928 680 1008 Principibus
709 935 739 992 et
766 933 917 994 Ecclesia
943 933 1085 995 Praelatis

103 1031 330 1092 conceduntur
345 1025 488 1106 reliquiae
512 1026 608 1089 ctiam
632 1027 782 1107 insigues.
803 1031 956 1110 Reliquiis
978 1037 1086 1094 autem

102 1127 239 1189 minutis
257 1144 323 1186 non
341 1125 483 1203 privatur
503 1125 605 1204 pietas
626 1126 782 1188 fidelium.
801 1129 918 1189 Verum
939 1127 1001 1191 illae
1021 1147 1086 1192 non

103 1230 241 1305 possunt
254 1222 371 1302 exponi
381 1223 519 1284 venales.
599 1304 602 1310 Ι

148 1326 182 1386 3.
211 1325 253 1385 Ut
276 1323 466 1383 Sanctorum
496 1318 639 1398 reliquia
667 1318 869 1383 vindicentur
889 1322 929 1384 ah
951 1324 1086 1403 injuriis,

107 1418 226 1499 quihus
241 1423 443 1497 exponuntur
459 1417 492 1478 in
509 1416 638 1496 privatis
660 1416 820 1494 domibuS,
840 1421 1029 1482 conveniens
1044 1427 1090 1483 est

107 1519 243 1578 easdem
257 1515 289 1576 in
304 1513 446 1578 ecelesiis
458 1513 608 1576 custodiri.

152 1615 240 1676 Intra
263 1632 368 1693 capsas
395 1616 604 1690 collocantur,
631 1618 663 1676 et
683 1611 843 1676 distinctae
858 1617 1087 1677 reconduntur.

153 1715 184 1773 4.
209 1711 363 1790 Reliquiae
377 1712 526 1790 antiquae,
551 1713 629 1772 dum
648 1712 767 1790 populo
783 1715 1005 1789 ostenduntur,
1026 1731 1091 1775 non

110 1809 233 1872 debent
245 1807 367 1870 extrahi
380 1825 417 1870 ex
430 1825 534 1887 capsa,
550 1826 591 1870 ne
604 1805 851 1886 vilipendantur.

150 1908 222 1967 Duo
242 1907 357 1968 saltem
372 1905 496 1966 lumina
519 1889 661 1981 ardeant,
679 1903 803 1984 quoties
826 1905 970 1984 reliquiae
995 1923 1095 1985 expo-

111 2006 243 2065 nuntur.

322 2174 437 2232 Qunsrro
449 2176 482 2222 2⁴.
494 2199 524 2208 -
536 2173 573 2222 Dr
588 2185 671 2222 ancara
682 2183 825 2222 rannemirus
836 2174 879 2232 (l).

108 2378 110 2382 .
155 2327 180 2389 l.
196 2325 333 2388 Licitum
350 2334 396 2389 est
420 2330 532 2403 Deum,
558 2327 588 2389 S.
615 2329 647 2389 S.
671 2326 876 2404 Trinitatem,
902 2331 933 2390 et
957 2315 1097 2407 Angelos

113 2423 300 2503 depingere,
321 2427 370 2486 vel
392 2424 546 2505 imagines
561 2424 689 2501 Christi,
706 2427 811 2489 Beatae
831 2424 968 2504 Virginis
989 2422 1095 2485 Mariae

112 2529 145 2586 et
162 2525 365 2586 Sanctorum.

152 2620 193 2683 ΙΙ.
211 2621 316 2683 Saorae
332 2619 485 2700 imagines
507 2623 595 2681 recte
619 2623 780 2683 coluntur.
803 2623 894 2684 Unde
918 2618 1096 2682 Concilium

113 2717 340 2781 'tridentinum
368 2718 477 2779 statuit
498 2718 538 2798 (h)
560 2737 567 2778 :
596 2738 610 2776 n
623 2717 778 2798 Imagines
799 2718 927 2792 Christi,
955 2713 1099 2792 Deiparae

115 2815 255 2895 Virginis
280 2821 312 2878 et
338 2817 473 2877 aliorum
495 2817 685 2878 Sanctorum
714 2816 746 2877 in
771 2816 897 2894 templis
920 2809 1099 2893 praesertim

117 2914 282 2976 habendas
307 2919 339 2975 et
362 2915 564 2989 retinendas;
593 2912 702 2992 eisque
726 2911 871 2974 debitum
894 2912 1049 2972 honorem
1068 2913 1099 2969 et

118 3012 358 3074 venerationem
383 3010 648 3091 impertiendam3
678 3010 830 3086 quoniam
852 3009 954 3091 honos
974 3003 1028 3084 qui
1055 3004 1099 3066 eis

120 3109 301 3185 exhibetur,
313 3110 448 3172 retertur
456 3110 495 3170 ad
506 3111 686 3187 prototypa,
696 3123 767 3184 quae
780 3105 842 3166 illae
852 3107 1099 3182 repraesentant;

121 3204 165 3268 ita
175 3212 212 3268 ut
226 3225 284 3285 per
299 3206 452 3287 imagines
467 3204 628 3268 Christum
643 3205 824 3278 adoremus,
843 3209 876 3265 et
896 3203 1028 3265 sanctos
1047 3217 1101 3262 ve-

122 3319 282 3365 neremur.
297 3327 311 3362 n

155 3487 192 3551 (1)
203 3488 328 3548 Ferraria,
343 3487 465 3550 Prompta
478 3481 637 3536 Bibliotheco'
648 3485 780 3535 cononica.

157 3568 188 3628 (2)
200 3569 266 3618 sess.
285 3567 361 3629 XXV,
377 3569 510 3618 Decretum
522 3567 553 3618 de
567 3566 724 3620 invocatione
734 3567 881 3618 Sanctorum
891 3569 918 3616 et
928 3561 1006 3614 sacris
1015 3558 1103 3621 imagi·

127 3644 208 3698 uibus.
