2618 4252
188 291 241 340 2⁹8
355 290 514 337 EXPOSITIO
537 287 716 334 corneolos
737 291 821 336 tulus
843 291 998 337 carlorum.

99 478 102 488 .
187 407 331 470 instituta
356 405 579 481 ecclesiastica,
603 405 730 466 nonnisi
757 411 897 469 rectores
918 408 1069 472 Ecclesiae
1087 410 1166 489 ipsis

188 505 371 569 vacantibus
385 509 425 568 dc
439 519 521 566 novo
532 511 660 583 pastore
672 503 840 582 providere
855 506 960 566 valent
971 505 1024 585 (ll.

226 604 274 668 Ob
288 604 424 665 similem
437 603 606 676 rationem,
622 606 739 664 caetera
751 601 857 663 officia
870 603 1088 670 ecclesiastica
1099 603 1167 668 sine

88 737 89 740 =
187 701 252 762 ullo
264 700 463 764 saecularium
488 701 670 762 interventu
686 698 861 778 generatim
875 701 1020 779 personis
1040 702 1168 763 idoneis

187 800 405 862 conferuntur.

226 901 256 960 l.
268 899 347 960 Cum
369 894 507 973 religiosi
527 895 656 956 ordines
671 894 804 955 consilia
818 893 932 958 Christi
944 898 1170 974 profiteantur,
1226 961 1229 970 ,

188 998 221 1057 ct
232 994 272 1058 ab
284 992 424 1056 Ecclesia
433 992 568 1055 instituti
581 992 709 1067 fuerint,
724 991 757 1051 in
769 993 930 1055 territorio
942 995 1107 1056 societatis
1123 994 1171 1056 ci-

189 1091 259 1156 vilis
272 1091 397 1153 admitti
410 1090 528 1152 debent
540 1089 622 1152 sicut
632 1087 701 1169 ipsa
710 1089 967 1170 Ecclesialgitur
977 1091 1172 1170 praesulibus

188 1189 338 1252 Ecclesiae
349 1189 504 1268 competit
510 1189 562 1268 jus
575 1187 798 1249 introducendi
813 1195 985 1250 conventus
999 1190 1170 1270 religioso-

188 1305 262 1349 rum
288 1292 319 1349 et
346 1287 543 1362 monialium,
572 1285 617 1346 ita
640 1283 770 1364 quidem
790 1284 899 1348 utvita
913 1288 1171 1368 regularisjuxta

188 1384 445 1466 praescriptiones
466 1380 634 1444 canonicas
656 1387 687 1442 et
703 1382 873 1461 cujuslibet
899 1384 1018 1444 ordinis
1040 1385 1170 1464 regulas

188 1481 351 1562 dirigatur.
369 1479 592 1558 Superioribus
607 1479 758 1541 ordinum
769 1479 845 1541 licet
867 1484 914 1543 tot
928 1481 1031 1542 socios
1043 1479 1169 1542 adscis-

188 1595 274 1655 cere,
288 1582 366 1656 quot
377 1577 547 1638 necessarii
559 1577 708 1638 videntur
727 1578 875 1639 adfinem
889 1579 994 1640 ordini
1007 1579 1173 1658 praestitu-

154 1667 156 1670 ’
186 1678 265 1735 tum.
287 1671 401 1732 Libera
422 1687 488 1731 esse
515 1671 610 1733 debet
625 1671 824 1747 singulorum
838 1678 1059 1736 conventuum
1075 1688 1169 1734 com-

188 1763 363 1825 municatio
379 1781 451 1824 curn
467 1762 530 1824 suis
549 1762 766 1825 Generalibus.

227 1862 265 1924 ΙΙ.
288 1860 365 1922 Jnro
390 1861 531 1924 Ecclesiae
555 1854 653 1942 quood
666 1859 738 1921 bono
755 1861 811 1922 sill
821 1863 991 1924 necessario.
1004 1866 1073 1925 Huc
1088 1864 1169 1926 rele-

188 1964 302 2022 runtur
327 1961 379 2038 jus
393 1959 563 2042 acquirendi
578 1959 662 2020 bona
679 1961 878 2038 temporalia,
902 1962 1034 2035 facultas
1063 1963 1104 2024 de
1129 1962 1169 2022 iis

188 2055 364 2138 disponendi,
385 2074 494 2119 eorum
514 2055 746 2118 administratio
759 2056 812 2136 (ἓ).

535 2271 755 2327 auricomis
774 2269 818 2326 lll

274 2403 422 2464 corleonem
440 2425 472 2464 ET
491 2425 604 2465 HUTUUM
623 2424 757 2465 AUXILlUM
775 2425 906 2466 ECCLESIAE
924 2427 956 2466 Er
974 2429 1080 2469 STATUS.

198 2543 201 2552 ι
225 2582 240 2644 §
263 2582 289 2633 l.
304 2575 460 2633 Concordia
472 2576 626 2646 utriusque
640 2576 801 2646 potestatis.

226 2670 241 2734 ς
263 2670 290 2723 2.
304 2667 437 2722 llutuum
449 2666 591 2722 auxilium
608 2665 742 2721 Ecclesiae
756 2669 785 2720 et
800 2666 906 2723 Status.

373 2843 427 2908 fil.
441 2871 472 2882 -
487 2843 639 2896 concordia
655 2843 802 2908 utriusque
822 2843 985 2909 potestatis.

230 3004 254 3064 Ι.
270 3001 405 3063 Ecclesia
417 3001 445 3062 ct
460 3001 565 3062 Statua
579 3010 648 3061 suot
661 3001 758 3062 diuino
771 3003 842 3082 jure
855 3003 1013 3064 sociabiles.
1029 3005 1055 3064 N
1058 3021 1101 3066 on
1115 3002 1171 3064 oh·

192 3098 348 3160 stantibus
364 3098 568 3161 distinctione
578 3100 952 3163 etautonomiahinarum
963 3107 1168 3180 potestatum,

191 3213 230 3258 ex
252 3185 411 3258 v'oluntate
438 3197 494 3257 liei
518 3197 730 3258 concordibus
746 3197 863 3260 studiis
879 3200 1036 3260 mundum
1057 3214 1168 3279 regere

190 3299 348 3356 tenentur.

230 3395 260 3452 l.
273 3391 370 3451 Multa
381 3396 465 3467 sunt,
480 3409 551 3470 quae
566 3391 863 3462 hancconcordiam
874 3397 1061 3472 exposcunt.
1075 3391 1165 3454 Illam

222 3549 256 3615 (1)
270 3549 360 3611 Supra,
372 3557 438 3611 part.
454 3550 487 3614 ll,
504 3552 550 3602 lib.
566 3554 598 3615 ll,
614 3553 796 3618 deBeocficiis.

222 3633 253 3694 tt)
264 3629 339 3692 lota,
351 3629 382 3680 de
392 3629 470 3682 liedes
480 3632 659 3698 temporalibus
673 3634 797 3684 Ecclesia.
