2590 4262
489 309 562 354 Pars
585 308 750 356 srttclatis.
1055 308 1108 354 227

127 427 258 487 duntur.
274 427 392 486 Eorum
407 425 560 489 coercitio
575 425 751 502 generatim
765 425 905 504 pertinet
918 427 957 488 ad
976 431 1112 506 potesta-

124 527 194 584 tem
209 523 352 598 civilem.
392 543 393 546 ¹

169 621 267 682 Mixta
281 639 337 682 seu
352 621 445 681 mictz'
457 621 521 700 (ori
532 620 667 682 crimina
679 625 762 694 sunt,
778 638 848 699 quae
862 621 984 700 legibus
998 621 1108 684 utrius·

127 735 192 795 que
212 719 371 780 societatis
387 724 575 798 repugnant.
589 718 778 796 Hujusmodi
794 718 910 781 delicta
923 737 980 797 par
993 737 1027 782 se
1040 725 1109 782 tum

127 815 294 888 Ecclesia,
310 821 380 876 tum
400 815 536 877 civitatis
558 815 746 877 coercitioni
768 815 905 877 obnoxia
927 822 1009 891 sunt,
1031 836 1112 896 quo-

126 913 215 972 niam
228 911 392 988 utriusque
416 911 487 989 jura
501 911 631 985 violant,
656 911 700 973 ita
724 916 759 973 ut
780 913 920 974 Ecclesia
935 931 1043 992 poanas
1058 933 1110 975 su-

127 1027 218 1071 mere
234 1007 348 1070 dehcat
364 1009 402 1069 dc
417 1008 455 1068 iis
473 1027 544 1087 quae
559 1009 747 1089 religionem
764 1011 897 1083 laedunt‚
912 1011 1021 1073 civitas
1036 1029 1109 1074 vcro

127 1107 169 1168 de
193 1105 232 1166 iis
247 1123 317 1184 quae
338 1103 457 1165 illatam
472 1104 659 1182 reipublicae
674 1104 822 1184 injuriam
844 1105 1031 1183 respiciunt.
1049 1110 1111 1171 lle-

127 1222 200 1267 rum
221 1220 347 1264 nereus
366 1201 459 1262 unius
480 1200 625 1263 criminis
642 1202 760 1279 duplex
780 1203 936 1281 judicium
954 1205 1109 1268 sustinere

126 1307 270 1380 cogatur,
286 1318 389 1362 causae
407 1300 516 1360 mixtae
530 1300 578 1360 vel
596 1317 614 1359 a
631 1299 976 1373 tribunalibus'mixtis‚
993 1303 1041 1363 vel
1054 1319 1111 1380 per

125 1400 376 1479 praeventionem
399 1396 437 1457 ab
453 1396 607 1459 alterutro
624 1397 735 1477 judice
749 1396 812 1458 sive
826 1397 905 1459 laico
927 1398 990 1458 sive
1005 1399 1111 1461 ecclc·
1150 1451 1160 1460 .

125 1499 255 1561 siastioo
266 1498 468 1571 deliniuntur,
483 1501 578 1574 prout
591 1502 780 1558 conventum
790 1503 837 1559 est
849 1497 932 1558 inter
943 1503 1110 1576 utramque

129 1595 345 1676 potestatem(
364 1596 386 1672 t.

168 1697 220 1758 IV.
247 1693 376 1754 Ratione
396 1691 591 1768 comitatam,
619 1692 735 1754 delicta
759 1696 887 1755 externa
906 1697 980 1753 sunt
997 1692 1108 1754 occulto

125 1794 175 1854 vel
187 1791 317 1872 publico.

165 1887 322 1949 Delictum
334 1887 477 1947 occultum
493 1893 550 1962 cst,
565 1887 650 1965 quod
672 1889 887 1960 committitur
900 1891 994 1964 clam,
1015 1890 1058 1951 ita
1072 1894 1108 1950 ut
1206 1958 1207 1961 Ἴ

125 1986 252 2064 publice
263 1985 525 2047 noninnotcscat.
537 1984 585 2045 Ab
596 1985 890 2047 Ecclesiacoerceri
901 1992 1004 2064 potest
1015 2004 1108 2064 poena

125 2083 194 2144 lotoe
206 2083 364 2156 sententiae,
383 2099 477 2160 quam
494 2081 640 2161 reus-ipso
653 2080 733 2161 sacto
748 2081 896 2146 incurrit.

168 2180 317 2241 Occultum
340 2180 467 2241 obsolute
491 2179 610 2241 dicitur
638 2179 770 2255 crimen,
793 2181 878 2258 quod
901 2181 1028 2258 probari
1049 2197 1107 2242 nc·

126 2276 209 2356 quit.
228 2277 308 2339 Pone
326 2278 469 2338 occultum
484 2282 542 2351 est,
561 2277 647 2355 quod
672 2294 859 2354 perpaucos
875 2278 921 2338 vel
938 2279 1107 2340 difficulter

125 2373 254 2452 probari
271 2380 375 2453 potest
386 2384 397 2448 ;'
420 2373 544 2436 accedit
568 2374 607 2433 ad
629 2372 790 2454 publicum,
807 2374 893 2453 quod
919 2375 1106 2436 estfactum

124 2471 269 2550 pluribus
287 2471 513 2550 praesentibus.

164 2571 285 2630 Praetcr
303 2585 384 2646 pene
399 2569 573 2643 occultum,
591 2568 708 2630 delicta
725 2569 854 2647 publica
867 2574 941 2629 sunt
953 2569 1001 2629 vel
1015 2568 1106 2626 moui·

123 2667 200 2747 festc
217 2667 266 2728 vel
281 2666 406 2727 notoria.
422 2665 612 2745 Manifestum
626 2684 644 2726 a
658 2667 802 2745 pluribus
820 2666 1034 2745 cognoscitur,
1050 2672 1105 2740 qui

124 2764 202 2824 illud
228 2763 260 2824 in
279 2763 427 2826 notitiam
448 2764 687 2826 communitatis
710 2744 877 2825 in'ducunt.
902 2761 1042 2822 Proinde
1065 2755 1104 2821 ad

124 2861 329 2922 manifestum
344 2859 615 2932 constituendum,
636 2861 809 2938 requiritur
822 2865 856 2920 ut
869 2857 1000 2936 publico
1011 2857 1105 2917 adda-

123 2965 175 3020 tur
199 2958 367 3036 lamosum,
386 2961 418 3020 id
438 2963 495 3032 est,
526 2962 655 3036 oportet
676 2963 711 3017 ut
734 2958 819 3018 sama
840 2959 1009 3016 concurrat
1031 2970 1104 3015 cum

120 3056 202 3119 verit
222 3061 265 3118 te.
987 3095 991 3102 ,

162 3154 320 3218 Notorium
336 3152 488 3214 delictum
512 3154 570 3224 est,
590 3149 676 3227 quod
691 3148 791 3218 velin
803 3149 874 3227 jure
894 3150 942 3211 vel
964 3167 1001 3212 cx
1020 3150 1102 3212 facto

124 3253 170 3315 ita
184 3257 308 3315 certum
323 3249 468 3322 hahetur,
488 3247 625 3308 utnulla
640 3247 898 3326 tergiversatione
914 3249 1008 3310 celari
1024 3266 1101 3327 pos-

89 3427 91 3432 s
123 3352 176 3414 sit.
190 3349 273 3412 Jcm‘s
295 3347 497 3410 notorictotem
511 3343 572 3405 tria
587 3344 718 3420 faciunt,
740 3361 857 3424 nempe
878 3346 1033 3430 confessio
1047 3345 1099 3425 ju-

124 3447 259 3526 dicialia,
276 3449 369 3528 plena
383 3441 541 3524 probatio,
559 3442 715 3504 sententia
730 3442 900 3506 definitiva.
918 3443 1008 3504 Facto
1022 3448 1103 3502 noto·

152 3662 183 3722 (l)
197 3657 363 3710 Decretalium
374 3657 417 3706 lib.
431 3655 463 3719 ΙΙ,
475 3655 515 3706 til.
529 3669 558 3718 11,
573 3655 606 3706 de
619 3656 683 3707 Foro
695 3656 856 3721 competente.
