2594 4286
462 281 536 328 PARS
558 281 723 328 srncmms.
1045 283 1078 330 19

101 396 264 476 exemptio
284 399 409 471 noceat,
430 397 605 476 Episcopus
628 402 779 477 tanquam
795 398 825 460 S.
847 396 938 460 Sedis
955 398 1081 480 delega-

100 500 161 569 tus,
192 499 299 572 potest
324 493 435 574 punire
462 494 683 573 delinquentes
707 501 795 557 extra
820 495 1004 571 claustrum,
1031 496 1079 557 vel

100 590 200 652 etiam
217 591 383 670 religiosos
397 591 430 650 in
450 590 588 652 claustro
605 592 766 669 degentes,
783 592 808 653 si
821 592 1079 672 delinquentibus

100 705 177 750 cum
193 690 344 751 scandalo
359 688 539 768 superiores
558 683 693 750 nimium'
708 689 919 769 indulgerent.

142 790 222 853 Sine
236 789 366 852 licentia
379 789 540 868 Episcopi,
554 790 721 868 Regulares
730 795 892 869 nequeunt
906 795 1079 852 conventus

100 888 238 965 erigere,
247 887 431 967 praedicare‚
443 887 656 950 confessiones
667 887 810 949 fidelium
819 889 941 962 audire,
950 905 969 948 a
978 905 1080 950 reser-

99 986 182 1048 vatis
200 985 372 1061 absolvere,
396 985 428 1046 S.
445 985 687 1046 Sacramentum
705 987 888 1048 solemniter
907 1003 1076 1064 exponere,

100 1084 317 1164 indulgentias
334 1083 546 1163 promulgare,
564 1083 691 1145 ordines
709 1083 895 1163 regulariter
911 1084 1075 1162 accipere;

101 1182 127 1242 si
141 1182 318 1261 Episcopus
332 1180 372 1242 sit
385 1180 566 1259 impeditus,
580 1182 748 1260 Regulares
762 1180 930 1242 ordinandi
947 1169 1084 1261 possuniy

102 1279 203 1340 alium
216 1279 410 1359 Episcopum
425 1278 513 1340 adire
530 1296 603 1340 cum
622 1278 793 1358 superioris
814 1278 1078 1340 dimissorialibus
1169 1347 1175 1359 ¹

102 1377 230 1438 litteris.

141 1474 318 1553 Episcopus
332 1473 436 1536 visitat
451 1475 559 1537 omnia
572 1475 643 1536 loca
658 1490 727 1553 quae
741 1476 780 1535 ad
794 1475 851 1537 Dei
866 1475 988 1538 cultum
1004 1491 1079 1554 per·

100 1574 219 1648 tinent3
232 1572 317 1634 illius
329 1572 545 1652 jurisdictioni
555 1573 745 1635 monasteria
761 1572 894 1635 subsunt
907 1573 940 1633 in
954 1573 992 1633 iis
1006 1589 1077 1650 quar

100 1676 246 1752 spectant
267 1687 375 1732 curam
393 1671 570 1732 animarum
585 1676 616 1732 et
630 1677 902 1749 sacramentorum
925 1669 1079 1732 adminis-

100 1768 280 1831 trationem.
295 1769 464 1846 Regulares
476 1774 623 1831 tenentur
635 1785 782 1830 censuras
797 1775 828 1831 et
839 1771 916 1832 lesta
931 1768 1078 1830 dioecesis

100 1884 235 1942 servare,
255 1869 295 1929 ad
314 1867 535 1948 processiones
556 1868 707 1929 accedero
721 1887 729 1941 ;
744 1873 904 1946 nequeunt
924 1866 1080 1928 extraneis

101 1963 280 2026 ministrare
299 1967 483 2027 Extremam
498 1964 701 2039 linctionem,
717 1982 822 2044 neque
844 1963 895 2026 die
917 1963 1079 2026 Paschatis

102 2062 350 2126 Eucharistiam.

140 2162 175 2221 ln
197 2161 320 2223 caeteris
343 2177 413 2241 quae
435 2162 474 2222 ad
500 2160 701 2239 disciplinam
722 2161 940 2235 domesticam,
967 2161 1078 2224 obser·

101 2258 238 2320 santiam
264 2260 444 2339 regularum
469 2264 500 2320 et
520 2263 678 2347 votorum,
704 2259 834 2320 modum
856 2258 980 2321 vivendi
1006 2260 1079 2321 clii·

101 2357 162 2430 cia,
179 2357 396 2435 promotiones
412 2357 584 2436 pertinent,
600 2357 711 2436 nequit
724 2357 899 2436 Episcopus
910 2374 943 2419 se
955 2356 1082 2419 immis:

99 2472 187 2516 cere.

142 2553 198 2614 Ill.
214 2553 421 2633 Regularibus
442 2569 629 2615 concessum
644 2552 704 2615 luit
715 2552 766 2632 jus
781 2553 840 2614 sibi
859 2553 995 2633 eligendi
1009 2571 1078 2613 con·

100 2656 266 2710 servatores
277 2651 330 2728 qui
350 2650 420 2728 jura
433 2649 554 2712 ordinis
575 2649 608 2712 in
623 2650 751 2712 dioecesi
767 2656 926 2713 tueantur.
946 2653 1081 2712 Conscr-

99 2751 227 2809 vatores
255 2747 414 2827 eliguntur
445 2765 483 2810 ex
505 2747 666 2827 judicibus
696 2749 919 2828 synodalibus;
950 2748 976 2809 si
1005 2763 1077 2809 vero

100 2847 249 2927 Synodus
264 2845 441 2908 dioecesana
462 2847 567 2907 nullos
582 2846 708 2932 judipes
732 2847 951 2928 designaverit,
974 2847 1079 2922 Regu-

98 2944 181 3004 lares
204 2944 239 3004 in
265 2943 505 3006 difficultatibus
529 2944 717 3023 confugiunt
741 2946 780 3006 ad
807 2943 1000 3023 Episcopum
1024 2947 1078 3004 aut

99 3041 302 3103 Pontificem.

141 3139 299 3201 Praeterea
317 3139 486 3202 Pontifices
511 3144 742 3201 consueverunt
762 3137 920 3215 assignare
947 3137 1078 3220 singulis

101 3234 270 3297 ordinibus
288 3237 444 3316 religiosis
456 3237 655 3300 cardinalem
670 3239 899 3314 protectorem.
973 3225 977 3234 ’
