2618 4252
10 929 12 976 i

478 325 553 371 PARS
575 327 740 374 sanetum.

472 546 694 601 ARTIGULUS
711 545 740 599 11

255 708 345 763 runos
365 723 551 764 turnarrcrun
575 723 724 768 nrnrusoun
743 721 896 760 rornsrnrrs
914 707 962 775 (lt.

160 883 184 942 Ι.
202 881 251 943 Ab
267 881 458 958 impossibili
479 881 545 960 jam
570 880 742 943 certamine
759 885 933 942 recesserat
946 882 1099 942 Constan-

10 977 12 1070 ξ
113 979 217 1054 tinuS,
235 981 352 1042 mentis
367 980 547 1057 prudentia,
565 980 718 1041 instinctu
736 979 922 1042 Divinitatis
943 981 978 1039 ln
998 978 1099 1039 subsi-

10 1079 11 1106 ³
114 1077 210 1138 dium
225 1077 360 1140 labentis
375 1077 501 1156 imperii
521 1078 653 1139 advocat
674 1077 825 1138 Ecclesiae
837 1076 985 1137 virtutem
1003 1080 1033 1137 et
1050 1091 1099 1136 sa·

114 1174 287 1254 pientiam·
316 1175 432 1236 Sedem
458 1175 585 1252 imperii
613 1175 920 1253 Constantinopolim
939 1171 1099 1233 transtulit

115 1273 274 1354 peculiari
290 1273 346 1334 Dei
365 1272 573 1350 providentia,
597 1291 660 1352 quo
670 1273 792 1335 iacilius
803 1276 946 1349 surgeret
959 1273 1098 1349 potestas

115 1370 306 1450 temporalis
331 1361 534 1434 Pontificum.
558 1369 709 1432 Ecclesiae
732 1369 890 1430 concessit
914 1366 1094 1446 privilegia;

115 1469 226 1531 forum
242 1467 424 1545 episcopale
440 1473 471 1527 et
488 1467 706 1528 immunita-tes
733 1453 966 1528 ecclesiastica?
983 1481 1100 1543 appro-

117 1567 216 1629 bavit.
234 1567 315 1627 Hinc
328 1565 475 1642 deposito
489 1564 620 1626 nomine
635 1570 668 1626 et
681 1564 787 1626 olficio
799 1561 953 1644 Pontificio
962 1559 1097 1632 Maoeabu',

119 1682 186 1743 quo
215 1665 353 1725 Gaesares
383 1663 535 1724 hactenus
565 1661 723 1741 persancti
755 1665 864 1736 erant,
893 1659 1099 1737 imperatores

119 1759 302 1822 advocatiam
318 1758 459 1820 Ecclesia
475 1776 530 1824 seu
546 1759 612 1837 ejus
637 1758 855 1820 defensionem
878 1758 1096 1832 susceperunt.

161 1859 201 1920 II.
217 1859 303 1918 Istud
323 1859 425 1918 loedus
441 1857 555 1917 merito
578 1856 695 1918 dicitur
709 1855 944 1934 imperfectum.
960 1851 1098 1926 Etenim,

122 1953 296 2016 miserabili
313 1955 390 2029 fato,
408 1953 480 2032 jura
494 1970 583 2014 sacra
606 1958 638 2014 ct
660 1952 764 2014 civilia
790 1950 905 2013 alicubi
926 1949 1100 2028 permisce-

121 2051 248 2113 bantur.
262 2053 343 2112 Dum
354 2051 387 2110 in
397 2068 430 2111 re
441 2051 526 2112 cirili
539 2059 659 2130 partem
670 2049 865 2128 judiciorum
878 2045 1101 2109 Constantinus

121 2149 288 2228 Episcopis
304 2149 521 2222 commiserat,
545 2148 696 2226 Episcopi
719 2164 807 2207 sacra
824 2146 987 2220 nonnulla,
1007 2145 1101 2206 titulo

122 2246 344 2327 protectionis,
369 2245 408 2306 ab
427 2245 483 2306 illo
506 2245 614 2323 peragi
632 2244 852 2322 patiebantur;
870 2243 1027 2323 ejusmodi
1043 2241 1102 2303 luit

16 2365 22 2374 ·
124 2348 253 2406 externa
264 2343 475 2403 conciliorum
486 2341 684 2415 convocatio,
694 2341 946 2422 eoetcraa'episaopa'
953 2341 1099 2420 dignitas,

125 2458 196 2521 quae
209 2440 288 2500 adeo
300 2444 516 2524 excurrerunt,
528 2439 773 2519 Byzantinorum
784 2438 1103 2516 praesertimranitate

68 2535 72 2544 '
124 2523 223 2616 atque
243 2536 318 2596 odio
343 2536 373 2595 in
391 2538 560 2610 Romanos,
579 2541 613 2596 ut
627 2541 774 2596 externus
790 2529 971 2615 episcopus,
997 2536 1118 2620 legum,

124 2651 242 2713 nempe
255 2623 544 2695 ecclesiasticarum
559 2651 624 2694 non
634 2633 733 2712 judex
748 2634 802 2694 sed
817 2635 974 2706 defensor,
989 2631 1104 2708 decep-

125 2737 176 2794 tus
190 2730 230 2792 ab
244 2729 403 2792 haereticis
419 2748 468 2790 res
485 2730 664 2808 spirituales
679 2730 838 2790 invaserit.
1039 2725 1040 2729 ’

92 2842 96 2850 ·
164 2830 376 2908 imperatores
400 2827 495 2906 g'raeci
521 2844 538 2887 a
562 2833 651 2888 recta
666 2828 792 2887 tramite
815 2827 849 2884 in
866 2843 904 2888 eo
928 2825 1102 2898 deviarunt,

126 2926 213 3006 quod
228 2926 262 2986 in
284 2924 482 3002 extirpandis
506 2923 681 2985 haeresibus
708 2923 826 2983 limites
853 2939 949 2983 merae
963 2921 1104 2984 tuitionis

124 3023 341 3097 transilierint,
359 3027 391 3083 et
406 3021 620 3084 decisionibus
641 3019 832 3098 dogmaticis
846 3038 914 3082 sese
927 3020 1107 3081 immiscere

125 3120 399 3202 praesumpserint.
420 3119 554 3180 Proinde
575 3118 660 3178 haud
681 3119 777 3178 semel
793 3119 984 3193 factumest,
1002 3121 1037 3178 ut
1051 3136 1108 3196 po-

125 3220 190 3282 tius
200 3217 361 3279 haereticis
370 3217 517 3278 adversus
529 3215 717 3291 Ecclesiam,
729 3215 862 3276 minime
872 3233 945 3277 vero
958 3215 1109 3277 Ecclesia

125 3318 278 3378 adversus
289 3314 458 3376 haereticos
467 3311 702 3391 protectionem
715 3312 948 3390 impenderent.

167 3415 220 3474 lll.
236 3413 386 3474 Attamen
398 3412 451 3482 illa
461 3411 612 3472 Ecclesiae
624 3415 717 3490 atque
729 3411 858 3490 Imperii
869 3412 987 3473 ioedera
1001 3410 1109 3472 extite-

160 3597 195 3726 (ᾗ)
215 3594 329 3738 Ιέἰιὶῐιίρε,
342 3597 377 3646 du
391 3597 470 3658 ,tlroit
487 3597 672 3662 eccldsiastique
690 3595 753 3647 daos
773 3611 811 3647 ses
830 3599 954 3662 principes
974 3597 1112 3660 perstrata,

128 3684 152 3727 t.
193 3711 201 3736 ,
252 3679 302 3726 118.
743 3675 753 3703 ³·

875 3801 883 3822 ι
965 3769 1011 3818 18.
