2604 4264
220 289 271 336 1³8
390 283 555 330 rxroslrw'
568 279 746 340 nprfloolca
764 281 847 328 tollis
870 284 1028 331 canorum.

254 405 335 467 ilino
355 406 383 464 l.
409 400 534 463 Nemini
554 397 793 477 licet-accipere
805 400 887 461 ultra
901 401 1017 480 stipem
1029 403 1212 466 missarum

214 504 253 566 ab
265 503 428 582 Episcopo
443 505 498 562 aut
512 496 742 560 consuetudine
758 503 908 561 tanmem.
1120 493 1128 506 ⁸

253 605 283 665 1.
304 601 349 662 lix
374 601 487 661 eadem
510 613 604 659 causa
624 598 757 658 vetitum
781 600 829 658 est
849 597 1019 658 missarum
1033 599 1216 680 obligatio·

215 715 280 774 nes,
304 701 461 758 reservata
483 695 543 756 sibi
564 695 702 773 quadam
717 694 867 772 stipendii
891 701 991 774 parte,
1013 697 1047 757 in
1061 697 1141 759 alios
1156 715 1214 758 sa·

215 796 363 859 cerdotes
378 794 566 857 transferre.
592 792 683 854 Ratio
702 795 761 865 est,
781 791 855 872 quia
877 793 911 853 id
934 795 1118 856 adversatur
1132 800 1211 857 tum

216 889 370 952 voluntati
399 887 516 962 dantis,
545 890 613 947 tum
635 885 789 948 uoluntati
814 885 990 962 Ecclesiae3
1018 887 1115 967 igitur
1142 887 1213 950 hac

216 983 332 1062 agendi
366 981 488 1042 ratione
515 979 645 1042 laeditur
678 979 781 1041 virtus
805 979 1008 1058 obedientiae,
1045 987 1078 1044 et
1105 980 1214 1060 justi-

219 1076 269 1137 tiae
295 1075 349 1156 (l).

395 1328 397 1332 .
425 1255 455 1306 ll.
472 1280 502 1292 -
517 1253 563 1303 Jus
572 1221 738 1316 parochorum
753 1256 835 1317 quoad
848 1257 994 1310 oblationes.

258 1416 282 1475 1.
304 1414 350 1472 1111
368 1409 476 1488 regula
497 1409 649 1487 generali,
667 1408 853 1486 oblationes,
874 1409 936 1470 nisi
951 1410 1122 1489 specialem
1136 1413 1219 1474 des·

217 1509 407 1573 linationem
432 1506 471 1566 ab
493 1506 645 1584 oiierente
666 1505 813 1582 habeant,
841 1509 880 1568 ad
906 1509 1081 1586 parochum
1107 1510 1216 1588 perti-

219 1613 306 1681 nent,
335 1607 394 1668 etsi
410 1605 491 1664 alter
503 1606 651 1669 sacerdos
672 1604 850 1667 functiones
868 1607 972 1667 sacras
986 1607 1020 1666 in
1029 1607 1212 1686 parochiali

219 1704 362 1766 Ecclesia
377 1707 520 1782 peragat.

148 1826 154 1842 ·
260 1803 352 1864 Unde
374 1801 531 1880 parochus
546 1798 682 1880 percipit
695 1805 764 1862 tum
786 1801 961 1864 oblationes
977 1804 1096 1883 quaein
1111 1803 1213 1867 altari

221 1903 431 1979 reponuntur,
451 1903 517 1959 tum
533 1899 684 1977 pleraque
689 1898 766 1978 jaro
784 1899 842 1959 stol
869 1945 877 1960 .

262 1998 300 2058 ΙΙ.
324 1997 475 2068 Quaedam
488 1995 667 2056 oblationes
688 1997 728 2056 ad
744 1996 822 2058 alios
835 1998 1016 2058 sacerdotes
1031 1998 1213 2077 pertinent,

222 2111 339 2173 nempe
361 2094 521 2172 stipendia
535 2093 692 2157 sacerdoti
709 2094 839 2170 tradita3
862 2095 1039 2156 oblationes
1052 2097 1145 2158 factae
1158 2115 1219 2160 oc·

188 2184 190 2188 ’
223 2190 350 2254 cesione
366 2191 531 2270 cujusdam
551 2183 719 2253 ministerii
741 2193 928 2272 personalis,
940 2211 969 2254 v.
984 2211 1015 2270 g.
1029 2195 1220 2272 presentiae

225 2283 367 2369 exequiis
392 2290 630 2365 detunctorum3
647 2290 824 2352 oblationes
845 2292 933 2352 nullo
959 2291 1052 2378 titulo
1074 2291 1218 2368 debitae,

225 2389 251 2448 si
271 2389 405 2450 offerens
430 2406 575 2466 expresse
600 2388 687 2450 dicat
710 2407 742 2450 se
761 2389 839 2450 velle
855 2389 930 2450 dare
945 2390 1102 2454 sacerdoti
1117 2392 1221 2453 iunc-

224 2487 348 2550 tionem
363 2487 538 2565 peragenti.

264 2586 317 2646 ΙΙΙ.
346 2585 497 2650 Ecclesiae
521 2583 698 2662 parochiali
723 2583 896 2646 obveniunt
915 2588 986 2648 tum
1012 2602 1048 2646 ea
1077 2603 1150 2664 quae
1180 2587 1221 2646 in

225 2683 296 2745 navi
312 2683 477 2758 Ecclesiae,
496 2683 559 2743 sive
580 2681 614 2741 in
629 2681 710 2742 arcis
734 2681 798 2742 sive
817 2681 851 2740 in
869 2698 979 2744 manus
1001 2683 1224 2746 collectorum

227 2783 386 2844 donantur
408 2781 474 2840 sine
489 2778 707 2859 designatione
730 2777 874 2858 specialis
890 2779 972 2856 finis,
986 2785 1056 2842 tum
1074 2779 1224 2842 oblatio-

227 2897 304 2940 num
319 2884 404 2942 certa
414 2895 489 2956 pars
503 2874 632 2938 fabricae
643 2881 812 2938 reservata.

266 2978 321 3042 IV.
353 2976 536 3038 Oblationes
567 2974 646 3036 locis
680 2973 877 3036 miraculosis
905 2975 997 3036 factae
1026 2975 1230 3054 regulariter

229 3075 370 3136 converti
386 3075 506 3137 debent
519 3071 621 3135 ineos
635 3090 720 3148 usus,
737 3073 777 3133 ad
788 3090 866 3150 quos
880 3072 1058 3152 intentione
1069 3072 1227 3136 fidelium

231 3172 440 3235 destinantur.
459 3174 506 3234 Ad
521 3171 698 3250 parocbum
721 3170 860 3251 pertinet
879 3186 987 3234 earum
1012 3171 1226 3234 administra-

229 3268 276 3330 tio
294 3268 352 3348 (1).

264 3451 297 3513 (1)
312 3451 446 3500 Decretum
463 3451 667 3514 congregationis
686 3455 788 3506 concilii
802 3454 835 3506 ab
855 3453 954 3507 Urbano
971 3455 1025 3506 Vlll
1043 3424 1231 3519 approbatum.

233 3531 400 3583 -Benedioti
410 3532 466 3580 XlV
482 3539 562 3582 const.
577 3533 675 3594 Quanto
688 3547 761 3587 curo.

264 3612 299 3679 (2)
310 3611 416 3674 Giraldi,
429 3611 460 3660 de
474 3610 596 3674 Percote,
607 3627 662 3676 cap.
679 3627 745 3664 1111111.
