<?xml version="1.0" encoding="UTF-8"?>
<!DOCTYPE html PUBLIC "-//W3C//DTD XHTML 1.0 Transitional//EN"
    "http://www.w3.org/TR/xhtml1/DTD/xhtml1-transitional.dtd">
<html xmlns="http://www.w3.org/1999/xhtml" xml:lang="en" lang="en">
 <head>
  <title>
</title>
<meta http-equiv="Content-Type" content="text/html;charset=utf-8" />
  <meta name='ocr-system' content='tesseract 3.04.00' />
  <meta name='ocr-capabilities' content='ocr_page ocr_carea ocr_par ocr_line ocrx_word'/>
</head>
<body>
  <div class='ocr_page' id='page_1' title='image "./expositiomethod01hugugoog_0201.png"; bbox 0 0 2604 4264; ppageno 0'>
   <div class='ocr_carea' id='block_1_1' title="bbox 241 333 1048 385">
    <p class='ocr_par' dir='ltr' id='par_1_1' title="bbox 241 333 1048 385">
     <span class='ocr_line' id='line_1_1' title="bbox 241 333 1048 385; baseline 0.004 -7"><span class='ocrx_word' id='word_1_1' title='bbox 241 333 292 378; x_wconf 73' lang='lat' dir='ltr'>lto</span> <span class='ocrx_word' id='word_1_2' title='bbox 407 335 444 378; x_wconf 84' lang='lat' dir='ltr'>EX</span> <span class='ocrx_word' id='word_1_3' title='bbox 450 333 563 379; x_wconf 84' lang='lat' dir='ltr'>POSITIO</span> <span class='ocrx_word' id='word_1_4' title='bbox 585 335 764 385; x_wconf 71' lang='lat' dir='ltr'>mumflomca</span> <span class='ocrx_word' id='word_1_5' title='bbox 785 335 868 380; x_wconf 72' lang='lat' dir='ltr'>lueis</span> <span class='ocrx_word' id='word_1_6' title='bbox 892 335 1048 382; x_wconf 72' lang='lat' dir='ltr'>callorum.</span> 
     </span>
    </p>
   </div>
   <div class='ocr_carea' id='block_1_2' title="bbox 217 448 1266 3253">
    <p class='ocr_par' dir='ltr' id='par_1_2' title="bbox 237 448 1203 824">
     <span class='ocr_line' id='line_1_2' title="bbox 237 448 1202 530; baseline 0.005 -21"><span class='ocrx_word' id='word_1_7' title='bbox 237 450 356 511; x_wconf 87' lang='lat' dir='ltr'>factum</span> <span class='ocrx_word' id='word_1_8' title='bbox 377 448 517 527; x_wconf 78' lang='lat' dir='ltr'>exponit.</span> <span class='ocrx_word' id='word_1_9' title='bbox 533 451 721 527; x_wconf 71' lang='lat' dir='ltr'>Advocatus</span> <span class='ocrx_word' id='word_1_10' title='bbox 736 468 810 512; x_wconf 91' lang='lat' dir='ltr'>cum</span> <span class='ocrx_word' id='word_1_11' title='bbox 827 467 957 512; x_wconf 93' lang='lat' dir='ltr'>munere</span> <span class='ocrx_word' id='word_1_12' title='bbox 965 451 1098 530; x_wconf 91' lang='lat' dir='ltr'>publico</span> <span class='ocrx_word' id='word_1_13' title='bbox 1113 456 1142 514; x_wconf 90' lang='lat' dir='ltr'>et</span> <span class='ocrx_word' id='word_1_14' title='bbox 1152 453 1202 514; x_wconf 92' lang='lat' dir='ltr'>ho-</span> 
     </span>
     <span class='ocr_line' id='line_1_3' title="bbox 238 546 1203 629; baseline 0.004 -22"><span class='ocrx_word' id='word_1_15' title='bbox 238 546 372 608; x_wconf 89' lang='lat' dir='ltr'>norabili</span> <span class='ocrx_word' id='word_1_16' title='bbox 389 547 546 625; x_wconf 84' lang='lat' dir='ltr'>iungatur,</span> <span class='ocrx_word' id='word_1_17' title='bbox 563 548 664 610; x_wconf 88' lang='lat' dir='ltr'>tribus</span> <span class='ocrx_word' id='word_1_18' title='bbox 679 547 807 610; x_wconf 90' lang='lat' dir='ltr'>dotibus</span> <span class='ocrx_word' id='word_1_19' title='bbox 817 553 966 626; x_wconf 84' lang='lat' dir='ltr'>praestare</span> <span class='ocrx_word' id='word_1_20' title='bbox 981 547 1087 624; x_wconf 86' lang='lat' dir='ltr'>debet,</span> <span class='ocrx_word' id='word_1_21' title='bbox 1106 565 1203 629; x_wconf 85' lang='lat' dir='ltr'>nempe</span> 
     </span>
     <span class='ocr_line' id='line_1_4' title="bbox 237 643 1203 725; baseline 0.003 -21"><span class='ocrx_word' id='word_1_22' title='bbox 237 644 316 723; x_wconf 89' lang='lat' dir='ltr'>juris</span> <span class='ocrx_word' id='word_1_23' title='bbox 329 643 452 722; x_wconf 87' lang='lat' dir='ltr'>peritia,</span> <span class='ocrx_word' id='word_1_24' title='bbox 469 644 627 721; x_wconf 83' lang='lat' dir='ltr'><strong>probitate</strong></span> <span class='ocrx_word' id='word_1_25' title='bbox 648 650 679 706; x_wconf 92' lang='lat' dir='ltr'>et</span> <span class='ocrx_word' id='word_1_26' title='bbox 704 645 887 725; x_wconf 84' lang='lat' dir='ltr'>diligentia;</span> <span class='ocrx_word' id='word_1_27' title='bbox 913 663 1029 706; x_wconf 91' lang='lat' dir='ltr'>munus</span> <span class='ocrx_word' id='word_1_28' title='bbox 1052 663 1124 707; x_wconf 88' lang='lat' dir='ltr'>vero</span> <span class='ocrx_word' id='word_1_29' title='bbox 1143 665 1203 724; x_wconf 92' lang='lat' dir='ltr'>pro-</span> 
     </span>
     <span class='ocr_line' id='line_1_5' title="bbox 242 741 698 824; baseline 0.004 -22"><span class='ocrx_word' id='word_1_30' title='bbox 242 741 396 802; x_wconf 82' lang='lat' dir='ltr'><strong>curatoris</strong></span> <span class='ocrx_word' id='word_1_31' title='bbox 411 746 458 802; x_wconf 88' lang='lat' dir='ltr'>est</span> <span class='ocrx_word' id='word_1_32' title='bbox 475 742 632 820; x_wconf 89' lang='lat' dir='ltr'>privatum</span> <span class='ocrx_word' id='word_1_33' title='bbox 645 743 698 824; x_wconf 91' lang='lat' dir='ltr'>(l).</span> 
     </span>
    </p>

    <p class='ocr_par' dir='ltr' id='par_1_3' title="bbox 242 835 1204 1116">
     <span class='ocr_line' id='line_1_6' title="bbox 283 835 1204 920; baseline 0.004 -22"><span class='ocrx_word' id='word_1_34' title='bbox 283 841 313 900; x_wconf 72' lang='lat'>2.</span> <span class='ocrx_word' id='word_1_35' title='bbox 332 835 424 898; x_wconf 80' lang='lat' dir='ltr'>Corio</span> <span class='ocrx_word' id='word_1_36' title='bbox 441 838 607 920; x_wconf 80' lang='lat' dir='ltr'>episcopalis</span> <span class='ocrx_word' id='word_1_37' title='bbox 632 846 679 902; x_wconf 89' lang='lat' dir='ltr'>est</span> <span class='ocrx_word' id='word_1_38' title='bbox 701 840 852 903; x_wconf 82' lang='lat' dir='ltr'>collectio</span> <span class='ocrx_word' id='word_1_39' title='bbox 876 857 1090 918; x_wconf 91' lang='lat' dir='ltr'>personarum</span> <span class='ocrx_word' id='word_1_40' title='bbox 1107 839 1204 918; x_wconf 90' lang='lat' dir='ltr'>quibus</span> 
     </span>
     <span class='ocr_line' id='line_1_7' title="bbox 243 936 1204 1018; baseline 0.003 -22"><span class='ocrx_word' id='word_1_41' title='bbox 243 936 417 1014; x_wconf 86' lang='lat' dir='ltr'>Episcopus</span> <span class='ocrx_word' id='word_1_42' title='bbox 432 937 532 998; x_wconf 85' lang='lat' dir='ltr'>utitur</span> <span class='ocrx_word' id='word_1_43' title='bbox 542 938 581 997; x_wconf 90' lang='lat' dir='ltr'>ad</span> <span class='ocrx_word' id='word_1_44' title='bbox 597 938 806 1000; x_wconf 84' lang='lat' dir='ltr'>exercendam</span> <span class='ocrx_word' id='word_1_45' title='bbox 819 937 882 999; x_wconf 88' lang='lat' dir='ltr'>sive</span> <span class='ocrx_word' id='word_1_46' title='bbox 889 937 1147 1018; x_wconf 86' lang='lat' dir='ltr'>jurisdictionem</span> <span class='ocrx_word' id='word_1_47' title='bbox 1159 955 1204 1016; x_wconf 83' lang='lat' dir='ltr'>gc·</span> 
     </span>
     <span class='ocr_line' id='line_1_8' title="bbox 242 1033 1134 1116; baseline 0.006 -23"><span class='ocrx_word' id='word_1_48' title='bbox 242 1033 389 1108; x_wconf 70' lang='lat' dir='ltr'>nemetim,</span> <span class='ocrx_word' id='word_1_49' title='bbox 406 1035 470 1095; x_wconf 90' lang='lat' dir='ltr'>sive</span> <span class='ocrx_word' id='word_1_50' title='bbox 491 1035 693 1113; x_wconf 90' lang='lat' dir='ltr'>potissimum</span> <span class='ocrx_word' id='word_1_51' title='bbox 715 1035 906 1114; x_wconf 85' lang='lat' dir='ltr'>potestatem</span> <span class='ocrx_word' id='word_1_52' title='bbox 921 1036 1134 1116; x_wconf 89' lang='lat' dir='ltr'>judiciariam.</span> 
     </span>
    </p>

    <p class='ocr_par' dir='ltr' id='par_1_4' title="bbox 239 1131 1266 2086">
     <span class='ocr_line' id='line_1_9' title="bbox 279 1131 1199 1212; baseline -0.002 -18"><span class='ocrx_word' id='word_1_53' title='bbox 279 1131 374 1194; x_wconf 81' lang='lat' dir='ltr'>Varia</span> <span class='ocrx_word' id='word_1_54' title='bbox 400 1133 460 1194; x_wconf 89' lang='lat' dir='ltr'>luit</span> <span class='ocrx_word' id='word_1_55' title='bbox 481 1133 565 1194; x_wconf 91' lang='lat' dir='ltr'>illius</span> <span class='ocrx_word' id='word_1_56' title='bbox 593 1135 707 1196; x_wconf 90' lang='lat' dir='ltr'>lorma.</span> <span class='ocrx_word' id='word_1_57' title='bbox 727 1133 892 1195; x_wconf 91' lang='lat' dir='ltr'>Prioribus</span> <span class='ocrx_word' id='word_1_58' title='bbox 913 1135 1058 1212; x_wconf 89' lang='lat' dir='ltr'>quinque</span> <span class='ocrx_word' id='word_1_59' title='bbox 1082 1133 1199 1210; x_wconf 84' lang='lat' dir='ltr'>saeculis,</span> 
     </span>
     <span class='ocr_line' id='line_1_10' title="bbox 239 1227 1201 1309; baseline 0.003 -21"><span class='ocrx_word' id='word_1_60' title='bbox 239 1227 389 1307; x_wconf 83' lang='lat' dir='ltr'>Episcopi</span> <span class='ocrx_word' id='word_1_61' title='bbox 416 1230 573 1309; x_wconf 88' lang='lat' dir='ltr'>judicium</span> <span class='ocrx_word' id='word_1_62' title='bbox 603 1230 792 1292; x_wconf 85' lang='lat' dir='ltr'>exercebant</span> <span class='ocrx_word' id='word_1_63' title='bbox 814 1247 886 1293; x_wconf 90' lang='lat' dir='ltr'>cnm</span> <span class='ocrx_word' id='word_1_64' title='bbox 916 1232 1055 1293; x_wconf 89' lang='lat' dir='ltr'>consilio</span> <span class='ocrx_word' id='word_1_65' title='bbox 1082 1232 1201 1293; x_wconf 91' lang='lat' dir='ltr'>clerico-</span> 
     </span>
     <span class='ocr_line' id='line_1_11' title="bbox 242 1326 1266 1412; baseline 0.002 -27"><span class='ocrx_word' id='word_1_66' title='bbox 242 1342 323 1388; x_wconf 90' lang='lat' dir='ltr'><strong>rum.</strong></span> <span class='ocrx_word' id='word_1_67' title='bbox 336 1327 455 1388; x_wconf 91' lang='lat' dir='ltr'>Eorum</span> <span class='ocrx_word' id='word_1_68' title='bbox 465 1327 531 1386; x_wconf 86' lang='lat' dir='ltr'>rice</span> <span class='ocrx_word' id='word_1_69' title='bbox 543 1326 768 1405; x_wconf 85' lang='lat' dir='ltr'>Archidiaconi</span> <span class='ocrx_word' id='word_1_70' title='bbox 779 1327 934 1408; x_wconf 86' lang='lat' dir='ltr'>justitiam</span> <span class='ocrx_word' id='word_1_71' title='bbox 948 1329 1137 1402; x_wconf 81' lang='lat' dir='ltr'>reddebant,</span> <span class='ocrx_word' id='word_1_72' title='bbox 1150 1327 1202 1406; x_wconf 90' lang='lat' dir='ltr'>pri·</span> <span class='ocrx_word' id='word_1_73' title='bbox 1265 1359 1266 1412; x_wconf 65' lang='lat' dir='ltr'>l</span> 
     </span>
     <span class='ocr_line' id='line_1_12' title="bbox 242 1424 1201 1504; baseline 0.002 -22"><span class='ocrx_word' id='word_1_74' title='bbox 242 1440 329 1484; x_wconf 92' lang='lat' dir='ltr'>mum</span> <span class='ocrx_word' id='word_1_75' title='bbox 347 1441 384 1484; x_wconf 86' lang='lat' dir='ltr'>ex</span> <span class='ocrx_word' id='word_1_76' title='bbox 398 1427 552 1502; x_wconf 83' lang='lat' dir='ltr'>potestate</span> <span class='ocrx_word' id='word_1_77' title='bbox 568 1424 711 1503; x_wconf 83' lang='lat' dir='ltr'>delegata</span> <span class='ocrx_word' id='word_1_78' title='bbox 729 1429 761 1485; x_wconf 86' lang='lat' dir='ltr'>et</span> <span class='ocrx_word' id='word_1_79' title='bbox 775 1425 958 1502; x_wconf 84' lang='lat' dir='ltr'>revocabili,</span> <span class='ocrx_word' id='word_1_80' title='bbox 974 1426 1092 1487; x_wconf 86' lang='lat' dir='ltr'>deinde</span> <span class='ocrx_word' id='word_1_81' title='bbox 1108 1429 1201 1504; x_wconf 89' lang='lat' dir='ltr'>potes·</span> 
     </span>
     <span class='ocr_line' id='line_1_13' title="bbox 241 1521 1199 1602; baseline -0.003 -20"><span class='ocrx_word' id='word_1_82' title='bbox 241 1527 306 1583; x_wconf 83' lang='lat' dir='ltr'>tate</span> <span class='ocrx_word' id='word_1_83' title='bbox 317 1521 476 1582; x_wconf 88' lang='lat' dir='ltr'>ordinaria</span> <span class='ocrx_word' id='word_1_84' title='bbox 486 1521 627 1582; x_wconf 85' lang='lat' dir='ltr'>etollicio</span> <span class='ocrx_word' id='word_1_85' title='bbox 642 1528 816 1600; x_wconf 88' lang='lat' dir='ltr'>perpetuo.</span> <span class='ocrx_word' id='word_1_86' title='bbox 830 1524 960 1585; x_wconf 85' lang='lat' dir='ltr'>Vicariis</span> <span class='ocrx_word' id='word_1_87' title='bbox 974 1522 1166 1602; x_wconf 83' lang='lat' dir='ltr'>generalibus</span> <span class='ocrx_word' id='word_1_88' title='bbox 1175 1521 1199 1580; x_wconf 93' lang='lat' dir='ltr'>in</span> 
     </span>
     <span class='ocr_line' id='line_1_14' title="bbox 242 1616 1266 1700; baseline -0.001 -22"><span class='ocrx_word' id='word_1_89' title='bbox 242 1619 349 1678; x_wconf 90' lang='lat' dir='ltr'>locum</span> <span class='ocrx_word' id='word_1_90' title='bbox 365 1617 670 1678; x_wconf 89' lang='lat' dir='ltr'>Archidiaconorum</span> <span class='ocrx_word' id='word_1_91' title='bbox 689 1618 879 1694; x_wconf 88' lang='lat' dir='ltr'>substitutis,</span> <span class='ocrx_word' id='word_1_92' title='bbox 899 1639 957 1700; x_wconf 93' lang='lat' dir='ltr'>pro</span> <span class='ocrx_word' id='word_1_93' title='bbox 974 1616 1198 1682; x_wconf 89' lang='lat' dir='ltr'>tribunalisedll</span> <span class='ocrx_word' id='word_1_94' title='bbox 1265 1617 1266 1652; x_wconf 73' lang='lat'><em>³</em></span> 
     </span>
     <span class='ocr_line' id='line_1_15' title="bbox 242 1713 1266 1794; baseline 0 -20"><span class='ocrx_word' id='word_1_95' title='bbox 242 1713 392 1774; x_wconf 84' lang='lat' dir='ltr'>Officialis</span> <span class='ocrx_word' id='word_1_96' title='bbox 409 1714 448 1774; x_wconf 93' lang='lat' dir='ltr'>ad</span> <span class='ocrx_word' id='word_1_97' title='bbox 462 1719 575 1775; x_wconf 89' lang='lat' dir='ltr'>nutum</span> <span class='ocrx_word' id='word_1_98' title='bbox 584 1714 735 1794; x_wconf 80' lang='lat' dir='ltr'>Episcopi</span> <span class='ocrx_word' id='word_1_99' title='bbox 746 1718 948 1781; x_wconf 86' lang='lat' dir='ltr'>revocabilis.</span> <span class='ocrx_word' id='word_1_100' title='bbox 972 1720 1044 1780; x_wconf 87' lang='lat' dir='ltr'>lmo</span> <span class='ocrx_word' id='word_1_101' title='bbox 1060 1713 1198 1778; x_wconf 85' lang='lat' dir='ltr'>institutio</span> <span class='ocrx_word' id='word_1_102' title='bbox 1265 1779 1266 1782; x_wconf 49' lang='lat'>,</span> 
     </span>
     <span class='ocr_line' id='line_1_16' title="bbox 239 1809 1266 1890; baseline -0.001 -19"><span class='ocrx_word' id='word_1_103' title='bbox 239 1809 434 1872; x_wconf 76' lang='lat' dir='ltr'>vicariorum</span> <span class='ocrx_word' id='word_1_104' title='bbox 464 1811 657 1888; x_wconf 83' lang='lat' dir='ltr'>generalium</span> <span class='ocrx_word' id='word_1_105' title='bbox 685 1828 740 1873; x_wconf 92' lang='lat' dir='ltr'>seu</span> <span class='ocrx_word' id='word_1_106' title='bbox 764 1813 954 1874; x_wconf 77' lang='lat' dir='ltr'>officialium</span> <span class='ocrx_word' id='word_1_107' title='bbox 978 1833 1044 1876; x_wconf 91' lang='lat' dir='ltr'>non</span> <span class='ocrx_word' id='word_1_108' title='bbox 1082 1810 1196 1890; x_wconf 90' lang='lat' dir='ltr'>impedit</span> <span class='ocrx_word' id='word_1_109' title='bbox 1265 1819 1266 1822; x_wconf 75' lang='grc'>’</span> 
     </span>
     <span class='ocr_line' id='line_1_17' title="bbox 239 1907 1195 1992; baseline 0 -24"><span class='ocrx_word' id='word_1_110' title='bbox 239 1907 408 1987; x_wconf 87' lang='lat' dir='ltr'>quominus</span> <span class='ocrx_word' id='word_1_111' title='bbox 421 1909 569 1992; x_wconf 91' lang='lat' dir='ltr'>Episcopi</span> <span class='ocrx_word' id='word_1_112' title='bbox 580 1910 702 1972; x_wconf 89' lang='lat' dir='ltr'>valeant</span> <span class='ocrx_word' id='word_1_113' title='bbox 711 1927 769 1988; x_wconf 91' lang='lat' dir='ltr'>per</span> <span class='ocrx_word' id='word_1_114' title='bbox 781 1912 980 1990; x_wconf 89' lang='lat' dir='ltr'>semetipsos,</span> <span class='ocrx_word' id='word_1_115' title='bbox 994 1913 1020 1972; x_wconf 90' lang='lat' dir='ltr'>si</span> <span class='ocrx_word' id='word_1_116' title='bbox 1036 1909 1195 1981; x_wconf 86' lang='lat' dir='ltr'>maluerint,</span> 
     </span>
     <span class='ocr_line' id='line_1_18' title="bbox 240 2006 831 2086; baseline 0.005 -20"><span class='ocrx_word' id='word_1_117' title='bbox 240 2010 430 2085; x_wconf 85' lang='lat' dir='ltr'>potestatem</span> <span class='ocrx_word' id='word_1_118' title='bbox 441 2007 605 2085; x_wconf 87' lang='lat' dir='ltr'>judicandi</span> <span class='ocrx_word' id='word_1_119' title='bbox 617 2024 763 2069; x_wconf 86' lang='lat' dir='ltr'>exercere</span> <span class='ocrx_word' id='word_1_120' title='bbox 778 2006 831 2086; x_wconf 69' lang='lat' dir='ltr'>(E).</span> 
     </span>
    </p>

    <p class='ocr_par' dir='ltr' id='par_1_5' title="bbox 239 2103 1194 2284">
     <span class='ocr_line' id='line_1_19' title="bbox 278 2103 1194 2183; baseline -0.001 -20"><span class='ocrx_word' id='word_1_121' title='bbox 278 2105 396 2164; x_wconf 88' lang='lat' dir='ltr'>Praeter</span> <span class='ocrx_word' id='word_1_122' title='bbox 406 2104 546 2165; x_wconf 89' lang='lat' dir='ltr'>notarios</span> <span class='ocrx_word' id='word_1_123' title='bbox 560 2109 592 2165; x_wconf 88' lang='lat' dir='ltr'>et</span> <span class='ocrx_word' id='word_1_124' title='bbox 602 2121 757 2179; x_wconf 89' lang='lat' dir='ltr'>cursores,</span> <span class='ocrx_word' id='word_1_125' title='bbox 766 2105 902 2167; x_wconf 90' lang='lat' dir='ltr'>ministri</span> <span class='ocrx_word' id='word_1_126' title='bbox 912 2106 1083 2167; x_wconf 85' lang='lat' dir='ltr'>tribunalis</span> <span class='ocrx_word' id='word_1_127' title='bbox 1093 2103 1194 2183; x_wconf 79' lang='lat' dir='ltr'>cpisco</span> 
     </span>
     <span class='ocr_line' id='line_1_20' title="bbox 239 2197 1194 2284; baseline -0.006 -22"><span class='ocrx_word' id='word_1_128' title='bbox 239 2201 319 2280; x_wconf 88' lang='lat' dir='ltr'>palis</span> <span class='ocrx_word' id='word_1_129' title='bbox 329 2201 880 2282; x_wconf 81' lang='lat' dir='ltr'>suntooditcrcs‚assessores,promotor</span> <span class='ocrx_word' id='word_1_130' title='bbox 888 2208 919 2265; x_wconf 86' lang='lat' dir='ltr'>et</span> <span class='ocrx_word' id='word_1_131' title='bbox 931 2197 1194 2284; x_wconf 79' lang='lat' dir='ltr'>advocatusfiscolt&#39;s.</span> 
     </span>
    </p>

    <p class='ocr_par' dir='ltr' id='par_1_6' title="bbox 236 2294 1266 2961">
     <span class='ocr_line' id='line_1_21' title="bbox 276 2294 1195 2377; baseline -0.002 -19"><span class='ocrx_word' id='word_1_132' title='bbox 276 2299 398 2376; x_wconf 86' lang='lat' dir='ltr'>Duplex</span> <span class='ocrx_word' id='word_1_133' title='bbox 412 2297 616 2376; x_wconf 84' lang='lat' dir='ltr'>distinguitur</span> <span class='ocrx_word' id='word_1_134' title='bbox 630 2317 729 2377; x_wconf 84' lang='lat' dir='ltr'>genus</span> <span class='ocrx_word' id='word_1_135' title='bbox 743 2300 933 2362; x_wconf 88' lang='lat' dir='ltr'>Auditorum</span> <span class='ocrx_word' id='word_1_136' title='bbox 950 2321 956 2362; x_wconf 94' lang='lat'><strong>:</strong></span> <span class='ocrx_word' id='word_1_137' title='bbox 973 2301 1029 2361; x_wconf 93' lang='lat' dir='ltr'>alii</span> <span class='ocrx_word' id='word_1_138' title='bbox 1044 2304 1114 2361; x_wconf 91' lang='lat' dir='ltr'>sunt</span> <span class='ocrx_word' id='word_1_139' title='bbox 1126 2294 1195 2376; x_wconf 87' lang='lat' dir='ltr'>judi·</span> 
     </span>
     <span class='ocr_line' id='line_1_22' title="bbox 238 2395 1266 2480; baseline -0.006 -22"><span class='ocrx_word' id='word_1_140' title='bbox 238 2413 290 2458; x_wconf 87' lang='lat' dir='ltr'>ces</span> <span class='ocrx_word' id='word_1_141' title='bbox 315 2397 443 2473; x_wconf 87' lang='lat' dir='ltr'>propria</span> <span class='ocrx_word' id='word_1_142' title='bbox 462 2397 552 2472; x_wconf 86' lang='lat' dir='ltr'>dicti,</span> <span class='ocrx_word' id='word_1_143' title='bbox 570 2416 638 2476; x_wconf 84' lang='lat' dir='ltr'><strong>v.g.</strong></span> <span class='ocrx_word' id='word_1_144' title='bbox 662 2396 794 2458; x_wconf 81' lang='lat' dir='ltr'>Auditor</span> <span class='ocrx_word' id='word_1_145' title='bbox 824 2396 958 2460; x_wconf 74' lang='lat' dir='ltr'>Comere</span> <span class='ocrx_word' id='word_1_146' title='bbox 981 2397 1149 2480; x_wconf 82' lang='lat' dir='ltr'>Apostolleoe</span> <span class='ocrx_word' id='word_1_147' title='bbox 1169 2395 1193 2452; x_wconf 90' lang='lat' dir='ltr'>et</span> <span class='ocrx_word' id='word_1_148' title='bbox 1265 2403 1266 2408; x_wconf 75' lang='grc'>’</span> 
     </span>
     <span class='ocr_line' id='line_1_23' title="bbox 238 2491 1193 2573; baseline -0.004 -19"><span class='ocrx_word' id='word_1_149' title='bbox 238 2492 394 2554; x_wconf 80' lang='lat' dir='ltr'>Auditores</span> <span class='ocrx_word' id='word_1_150' title='bbox 416 2493 513 2554; x_wconf 80' lang='lat' dir='ltr'>Rotoe.</span> <span class='ocrx_word' id='word_1_151' title='bbox 533 2497 558 2554; x_wconf 84' lang='lat' dir='ltr'>A</span> <span class='ocrx_word' id='word_1_152' title='bbox 566 2495 728 2573; x_wconf 87' lang='lat' dir='ltr'>judicibus</span> <span class='ocrx_word' id='word_1_153' title='bbox 746 2497 913 2557; x_wconf 88' lang='lat' dir='ltr'>ordinariis</span> <span class='ocrx_word' id='word_1_154' title='bbox 939 2496 1090 2558; x_wconf 83' lang='lat' dir='ltr'>differunt</span> <span class='ocrx_word' id='word_1_155' title='bbox 1105 2491 1193 2554; x_wconf 87' lang='lat' dir='ltr'>euria-</span> 
     </span>
     <span class='ocr_line' id='line_1_24' title="bbox 238 2587 1191 2670; baseline -0.01 -16"><span class='ocrx_word' id='word_1_156' title='bbox 238 2609 310 2654; x_wconf 90' lang='lat' dir='ltr'>rum</span> <span class='ocrx_word' id='word_1_157' title='bbox 325 2590 552 2670; x_wconf 86' lang='lat' dir='ltr'>episcopalium</span> <span class='ocrx_word' id='word_1_158' title='bbox 568 2591 748 2667; x_wconf 84' lang='lat' dir='ltr'>Auditores‚</span> <span class='ocrx_word' id='word_1_159' title='bbox 765 2592 879 2670; x_wconf 87' lang='lat' dir='ltr'>quibus</span> <span class='ocrx_word' id='word_1_160' title='bbox 893 2611 985 2654; x_wconf 90' lang='lat' dir='ltr'>causa</span> <span class='ocrx_word' id='word_1_161' title='bbox 1001 2587 1191 2655; x_wconf 84' lang='lat' dir='ltr'>examinanda</span> 
     </span>
     <span class='ocr_line' id='line_1_25' title="bbox 242 2687 1194 2768; baseline -0.009 -16"><span class='ocrx_word' id='word_1_162' title='bbox 242 2689 463 2762; x_wconf 88' lang='lat' dir='ltr'>committitur,</span> <span class='ocrx_word' id='word_1_163' title='bbox 480 2688 523 2749; x_wconf 89' lang='lat' dir='ltr'>ita</span> <span class='ocrx_word' id='word_1_164' title='bbox 537 2688 746 2768; x_wconf 83' lang='lat' dir='ltr'>utnegotium</span> <span class='ocrx_word' id='word_1_165' title='bbox 759 2689 861 2767; x_wconf 87' lang='lat' dir='ltr'>judici</span> <span class='ocrx_word' id='word_1_166' title='bbox 884 2699 1046 2768; x_wconf 85' lang='lat' dir='ltr'>exponant</span> <span class='ocrx_word' id='word_1_167' title='bbox 1061 2687 1194 2752; x_wconf 92' lang='lat' dir='ltr'>deciden-</span> 
     </span>
     <span class='ocr_line' id='line_1_26' title="bbox 238 2786 1192 2868; baseline -0.005 -21"><span class='ocrx_word' id='word_1_168' title='bbox 238 2789 326 2850; x_wconf 92' lang='lat' dir='ltr'>dum.</span> <span class='ocrx_word' id='word_1_169' title='bbox 344 2788 396 2848; x_wconf 92' lang='lat' dir='ltr'>Eis</span> <span class='ocrx_word' id='word_1_170' title='bbox 419 2786 536 2847; x_wconf 91' lang='lat' dir='ltr'>similes</span> <span class='ocrx_word' id='word_1_171' title='bbox 550 2803 616 2848; x_wconf 89' lang='lat' dir='ltr'>esse</span> <span class='ocrx_word' id='word_1_172' title='bbox 634 2786 780 2848; x_wconf 86' lang='lat' dir='ltr'>videntur</span> <span class='ocrx_word' id='word_1_173' title='bbox 793 2786 1002 2867; x_wconf 81' lang='lat' dir='ltr'>Refereodoriz&#39;</span> <span class='ocrx_word' id='word_1_174' title='bbox 1015 2788 1072 2868; x_wconf 87' lang='lat' dir='ltr'>qni</span> <span class='ocrx_word' id='word_1_175' title='bbox 1087 2787 1120 2846; x_wconf 86' lang='lat' dir='ltr'>in</span> <span class='ocrx_word' id='word_1_176' title='bbox 1132 2795 1192 2842; x_wconf 88' lang='lat' dir='ltr'>ma·</span> 
     </span>
     <span class='ocr_line' id='line_1_27' title="bbox 236 2883 1193 2961; baseline -0.009 -16"><span class='ocrx_word' id='word_1_177' title='bbox 236 2885 359 2961; x_wconf 89' lang='lat' dir='ltr'>joribus</span> <span class='ocrx_word' id='word_1_178' title='bbox 386 2883 596 2947; x_wconf 89' lang='lat' dir='ltr'>tribunalibus</span> <span class='ocrx_word' id='word_1_179' title='bbox 630 2884 814 2961; x_wconf 91' lang='lat' dir='ltr'>Principum</span> <span class='ocrx_word' id='word_1_180' title='bbox 848 2885 1053 2947; x_wconf 85' lang='lat' dir='ltr'>adhibentur.</span> <span class='ocrx_word' id='word_1_181' title='bbox 1082 2885 1193 2945; x_wconf 89' lang='lat' dir='ltr'>Illorum</span> 
     </span>
    </p>

    <p class='ocr_par' dir='ltr' id='par_1_7' title="bbox 217 2972 1192 3253">
     <span class='ocr_line' id='line_1_28' title="bbox 217 2972 1192 3062; baseline -0.011 -19"><span class='ocrx_word' id='word_1_182' title='bbox 217 2973 433 3056; x_wconf 84' lang='lat' dir='ltr'>constitutio,</span> <span class='ocrx_word' id='word_1_183' title='bbox 449 3001 523 3043; x_wconf 87' lang='lat' dir='ltr'>cum</span> <span class='ocrx_word' id='word_1_184' title='bbox 543 2983 575 3043; x_wconf 92' lang='lat' dir='ltr'>in</span> <span class='ocrx_word' id='word_1_185' title='bbox 598 2982 669 3062; x_wconf 89' lang='lat' dir='ltr'>jure</span> <span class='ocrx_word' id='word_1_186' title='bbox 698 3000 764 3043; x_wconf 92' lang='lat' dir='ltr'>non</span> <span class='ocrx_word' id='word_1_187' title='bbox 785 2983 1000 3061; x_wconf 70' lang='lat' dir='ltr'>precipiatur,</span> <span class='ocrx_word' id='word_1_188' title='bbox 1021 2983 1061 3044; x_wconf 92' lang='lat' dir='ltr'>ab</span> <span class='ocrx_word' id='word_1_189' title='bbox 1080 2972 1192 3042; x_wconf 85' lang='lat' dir='ltr'>arbitrio</span> 
     </span>
     <span class='ocr_line' id='line_1_29' title="bbox 236 3079 672 3158; baseline 0 -20"><span class='ocrx_word' id='word_1_190' title='bbox 236 3080 466 3158; x_wconf 91' lang='lat' dir='ltr'>Episcoporum</span> <span class='ocrx_word' id='word_1_191' title='bbox 482 3081 601 3158; x_wconf 82' lang='lat' dir='ltr'>pendet</span> <span class='ocrx_word' id='word_1_192' title='bbox 620 3079 672 3158; x_wconf 83' lang='lat'><strong>(3).</strong></span> 
     </span>
     <span class='ocr_line' id='line_1_30' title="bbox 276 3173 1190 3253; baseline -0.003 -19"><span class='ocrx_word' id='word_1_193' title='bbox 276 3175 448 3253; x_wconf 73' lang='lat' dir='ltr'>decessores,</span> <span class='ocrx_word' id='word_1_194' title='bbox 463 3177 502 3238; x_wconf 91' lang='lat' dir='ltr'>ab</span> <span class='ocrx_word' id='word_1_195' title='bbox 516 3175 667 3238; x_wconf 79' lang='lat' dir='ltr'>assidendo</span> <span class='ocrx_word' id='word_1_196' title='bbox 682 3174 771 3251; x_wconf 84' lang='lat' dir='ltr'>dicti,</span> <span class='ocrx_word' id='word_1_197' title='bbox 786 3176 819 3236; x_wconf 89' lang='lat' dir='ltr'>in</span> <span class='ocrx_word' id='word_1_198' title='bbox 831 3173 917 3238; x_wconf 88' lang='lat' dir='ltr'>hunc</span> <span class='ocrx_word' id='word_1_199' title='bbox 932 3177 1027 3238; x_wconf 88' lang='lat' dir='ltr'>finem</span> <span class='ocrx_word' id='word_1_200' title='bbox 1043 3183 1190 3238; x_wconf 84' lang='lat' dir='ltr'>assumun-</span> 
     </span>
    </p>
   </div>
   <div class='ocr_carea' id='block_1_3' title="bbox 236 3334 1188 3472">
    <p class='ocr_par' dir='ltr' id='par_1_8' title="bbox 236 3334 1188 3472">
     <span class='ocr_line' id='line_1_31' title="bbox 268 3334 1188 3412; baseline -0.002 -20"><span class='ocrx_word' id='word_1_201' title='bbox 268 3341 304 3405; x_wconf 81' lang='lat' dir='ltr'>(l)</span> <span class='ocrx_word' id='word_1_202' title='bbox 320 3345 488 3395; x_wconf 76' lang='lat' dir='ltr'>Decretolae&#39;um</span> <span class='ocrx_word' id='word_1_203' title='bbox 505 3349 550 3398; x_wconf 90' lang='lat' dir='ltr'>lib.</span> <span class='ocrx_word' id='word_1_204' title='bbox 565 3350 586 3410; x_wconf 84' lang='grc' dir='ltr'>Ι,</span> <span class='ocrx_word' id='word_1_205' title='bbox 604 3349 643 3399; x_wconf 83' lang='lat' dir='ltr'>tit.</span> <span class='ocrx_word' id='word_1_206' title='bbox 664 3361 760 3408; x_wconf 81' lang='lat' dir='ltr'>xxxvn,</span> <span class='ocrx_word' id='word_1_207' title='bbox 773 3347 803 3396; x_wconf 86' lang='lat' dir='ltr'>de</span> <span class='ocrx_word' id='word_1_208' title='bbox 823 3347 989 3412; x_wconf 63' lang='lat' dir='ltr'>Postulonda·</span> <span class='ocrx_word' id='word_1_209' title='bbox 1000 3347 1039 3398; x_wconf 84' lang='lat' dir='ltr'>dt.</span> <span class='ocrx_word' id='word_1_210' title='bbox 1055 3355 1154 3401; x_wconf 81' lang='grc' dir='ltr'>ιιιιιιιιι,</span> <span class='ocrx_word' id='word_1_211' title='bbox 1165 3334 1188 3385; x_wconf 70' lang='lat' dir='ltr'>de</span> 
     </span>
     <span class='ocr_line' id='line_1_32' title="bbox 236 3422 451 3472; baseline -0.005 0"><span class='ocrx_word' id='word_1_212' title='bbox 236 3422 451 3472; x_wconf 68' lang='lat' dir='ltr'>Procuratorem.</span> 
     </span>
    </p>
   </div>
   <div class='ocr_carea' id='block_1_4' title="bbox 235 3493 1186 3728">
    <p class='ocr_par' dir='ltr' id='par_1_9' title="bbox 235 3493 1186 3728">
     <span class='ocr_line' id='line_1_33' title="bbox 267 3493 1186 3570; baseline -0.014 -6"><span class='ocrx_word' id='word_1_213' title='bbox 267 3501 304 3566; x_wconf 73' lang='lat'>(2)</span> <span class='ocrx_word' id='word_1_214' title='bbox 317 3501 472 3564; x_wconf 80' lang='lat' dir='ltr'>Tbomossin,</span> <span class='ocrx_word' id='word_1_215' title='bbox 485 3503 559 3555; x_wconf 80' lang='lat' dir='ltr'>Vetus</span> <span class='ocrx_word' id='word_1_216' title='bbox 574 3509 598 3556; x_wconf 87' lang='lat' dir='ltr'>et</span> <span class='ocrx_word' id='word_1_217' title='bbox 612 3507 685 3557; x_wconf 84' lang='lat' dir='ltr'>Novo</span> <span class='ocrx_word' id='word_1_218' title='bbox 695 3505 974 3570; x_wconf 66' lang='lat' dir='ltr'>Ecclesioedtsciplrao,</span> <span class='ocrx_word' id='word_1_219' title='bbox 992 3521 1049 3569; x_wconf 87' lang='lat' dir='ltr'>pars</span> <span class='ocrx_word' id='word_1_220' title='bbox 1060 3509 1080 3568; x_wconf 81' lang='grc' dir='ltr'>Ι,</span> <span class='ocrx_word' id='word_1_221' title='bbox 1091 3503 1130 3553; x_wconf 86' lang='lat' dir='ltr'>lib.</span> <span class='ocrx_word' id='word_1_222' title='bbox 1143 3493 1186 3551; x_wconf 80' lang='lat' dir='ltr'>llll</span> 
     </span>
     <span class='ocr_line' id='line_1_34' title="bbox 285 3590 930 3632; baseline -0.022 -2"><span class='ocrx_word' id='word_1_223' title='bbox 285 3596 319 3630; x_wconf 85' lang='grc' dir='ltr'>,ιι</span> <span class='ocrx_word' id='word_1_224' title='bbox 336 3596 363 3632; x_wconf 89' lang='grc' dir='ltr'>ιι.</span> <span class='ocrx_word' id='word_1_225' title='bbox 928 3590 930 3594; x_wconf 56' lang='lat'>&gt;</span> 
     </span>
     <span class='ocr_line' id='line_1_35' title="bbox 235 3596 1077 3728; baseline 0 -14"><span class='ocrx_word' id='word_1_226' title='bbox 235 3597 300 3726; x_wconf 53' lang='lat' dir='ltr'><strong>eafa)</strong></span> <span class='ocrx_word' id='word_1_227' title='bbox 312 3596 540 3724; x_wconf 68' lang='lat' dir='ltr'>Svcbmalzgrueber,</span> <span class='ocrx_word' id='word_1_228' title='bbox 550 3661 595 3710; x_wconf 76' lang='lat' dir='ltr'>los</span> <span class='ocrx_word' id='word_1_229' title='bbox 607 3664 813 3726; x_wconf 75' lang='lat' dir='ltr'>ecclesiasticum,</span> <span class='ocrx_word' id='word_1_230' title='bbox 827 3664 872 3714; x_wconf 87' lang='lat' dir='ltr'>lib.</span> <span class='ocrx_word' id='word_1_231' title='bbox 888 3661 918 3724; x_wconf 86' lang='grc' dir='ltr'>ΙΙ,</span> <span class='ocrx_word' id='word_1_232' title='bbox 929 3665 968 3714; x_wconf 83' lang='lat' dir='ltr'>til.</span> <span class='ocrx_word' id='word_1_233' title='bbox 987 3678 1014 3725; x_wconf 88' lang='lat'>11,</span> <span class='ocrx_word' id='word_1_234' title='bbox 1031 3665 1077 3728; x_wconf 68' lang='lat' dir='ltr'>§t</span> 
     </span>
    </p>
   </div>
   <div class='ocr_carea' id='block_1_5' title="bbox 0 0 1306 4264">
    <p class='ocr_par' dir='ltr' id='par_1_10' title="bbox 0 0 1306 4264">
     <span class='ocr_line' id='line_1_36' title="bbox 0 0 1306 4264; baseline 0 4"><span class='ocrx_word' id='word_1_235' title='bbox 0 0 1306 4264; x_wconf 95' lang='lat' dir='ltr'> </span> 
     </span>
    </p>
   </div>
  </div>
 </body>
</html>
