2594 4286
216 341 248 387 la
374 341 529 388 nxrostrlo
550 339 725 386 nnafloulca
747 341 829 386 JURIS
851 342 1005 390 canotum.

212 463 295 535 rent,
320 463 351 520 et
375 460 485 538 procul
506 475 523 518 a
546 458 656 538 populi
676 459 816 519 tumultu
843 457 980 522 viventes
1007 460 1191 539 praepositis

215 555 396 631 obedirent,
421 556 545 634 sibique
570 572 720 616 manuum
735 555 841 617 labore
863 556 982 619 victum
998 564 1189 638 quaererent,

216 660 248 715 et
261 671 376 732 corpus
392 655 595 732 castigarent.
618 651 783 714 Habebunt
796 660 904 716 tamen
927 655 1050 736 singula
1061 675 1191 719 monas-

213 752 293 813 teria
303 753 466 830 propriam
475 769 510 812 ao
524 751 715 830 peculiarem
725 753 866 828 regulam
878 773 886 827 ;
903 756 1050 830 quaedam
1064 755 1191 833 scriptis

214 836 337 927 legibus
353 850 535 925 utebantur;
554 848 742 927 quibusdam
758 851 874 929 regulae
893 851 964 912 loco
984 857 1050 914 erat
1064 851 1192 914 vivendi

213 946 294 1008 ratio
304 948 435 1026 probata
444 947 600 1026 majorum
611 946 796 1021 traditione3
810 947 997 1025 quibusdam
1008 949 1130 1012 abbatis
1140 969 1193 1011 vo-

213 1046 330 1107 luntas
340 1047 400 1107 Sed
414 1044 561 1124 quoniam
571 1041 784 1105 eorumunum
795 1052 859 1107 erat
871 1049 1082 1126 propositum,
1093 1048 1194 1110 utsci-

214 1141 289 1204 licet
302 1142 460 1216 monachi,
477 1143 611 1221 procula
626 1141 841 1204 sollicitudine
852 1145 1189 1219 rerumhumanarum,

216 1239 329 1300 divinis
343 1245 499 1312 vacarent,
520 1239 642 1301 idcirco
666 1245 828 1300 rectorum
843 1239 973 1304 arbitrio
990 1259 1070 1304 nova
1083 1245 1194 1323 regula

214 1337 375 1400 interdum
389 1335 611 1415 recipiebatur.

253 1438 285 1497 2.
301 1434 447 1496 Monaohi
463 1434 540 1494 olim
555 1432 720 1495 ordinibus
735 1434 850 1498 initiati
871 1423 936 1498 non
951 1442 1048 1498 erant.
1070 1439 1132 1500 Sed
1146 1439 1195 1498 in-

214 1532 342 1592 terdum
357 1549 467 1592 eorum
483 1531 596 1609 aliquis
611 1531 649 1592 ab
665 1531 822 1611 Episcopo
833 1534 916 1596 inter
930 1535 1062 1596 clericos
1074 1536 1198 1598 relere-

215 1629 317 1702 batur,
338 1629 513 1708 praesertim
534 1633 568 1690 ut
591 1629 624 1688 in
648 1631 765 1690 sacello
785 1631 968 1693 monasterii
984 1633 1089 1694 divina
1105 1652 1199 1714 pera·

215 1731 335 1805 gerent.
351 1727 493 1805 Denique
518 1731 650 1805 propter
665 1727 834 1789 utilitatem
855 1730 1005 1792 Ecclesiae
1027 1739 1196 1810 receptum

215 1831 272 1900 est,
289 1830 323 1888 ut
336 1824 485 1888 monachi
497 1825 593 1886 sacris
605 1824 770 1887 ordinibus
786 1825 963 1890 initientur.

492 2031 525 2080 ll.
538 2055 570 2068 -
585 2027 707 2080 Periodus
718 2014 878 2079 Benedictina
888 2031 921 2094 (1)

226 2203 228 2209 ·
255 2187 351 2246 Sexto
373 2185 490 2246 saeculo
509 2185 541 2246 S.
562 2182 753 2244 Benedictus
766 2183 903 2262 primum
919 2184 1060 2260 Sublaci,
1077 2185 1197 2248 deinde

215 2284 250 2346 in
268 2284 374 2345 Monte
388 2282 516 2344 cassino
545 2281 735 2342 monasteria
755 2283 864 2345 erexit.
890 2283 1014 2344 Certam
1030 2283 1196 2345 constituit

216 2383 371 2461 regulam,
388 2398 484 2460 quam
496 2385 607 2460 postea
616 2380 722 2443 cuncti
736 2381 800 2441 lere
817 2382 1030 2444 occidentales
1046 2381 1195 2444 monachi

216 2479 319 2540 secuti
329 2483 412 2552 sunt,
427 2479 491 2540 sive
507 2477 560 2558 qui
568 2475 607 2538 ab
621 2477 853 2556 antiquioribus
866 2479 1009 2540 Patribus
1020 2480 1199 2542 institutio-

215 2594 271 2638 nes
293 2580 493 2655 acceperant,
510 2576 573 2638 sivc
590 2577 643 2654 qui
662 2594 758 2638 novas
780 2578 894 2639 domus
909 2573 1095 2640 cbnstruere
1109 2579 1196 2640 vole-

215 2677 304 2739 bant.

254 2776 278 2835 I.
294 2773 460 2836 Interdum
481 2773 515 2833 in
537 2791 602 2835 uno
624 2775 801 2852 eodemque
823 2775 1090 2854 coenobioplures
1113 2774 1197 2853 vige-

215 2872 291 2934 bant
306 2874 435 2952 regulae,
460 2871 577 2932 additis
601 2877 655 2933 aut
679 2873 828 2951 demptis,
841 2891 911 2950 quaa
925 2890 981 2952 pro
1008 2871 1194 2934 conditione

213 2976 396 3050 temporum
407 2987 442 3030 ae
457 2971 602 3030 locorum
611 2970 995 3048 opportunavidebantur.
1005 2973 1152 3032 Attamen
1162 2971 1195 3030 in

214 3076 302 3133 tanta
329 3070 509 3147 regularum
532 3067 721 3141 diversitate,
750 3086 863 3146 magna
889 3073 955 3131 erat
977 3069 1058 3131 inter
1083 3086 1195 3148 omnes

215 3167 388 3230 monachos
400 3167 578 3228 animorum
595 3167 772 3243 consensio,
789 3185 914 3252 unaque
931 3168 1073 3230 societas,
1092 3167 1194 3238 Quare

214 3263 318 3326 facilis
329 3270 395 3325 erat
409 3265 559 3326 transitus
578 3283 615 3326 ex
634 3283 698 3326 uno
720 3265 753 3326 in
773 3265 858 3328 aliud
877 3266 1113 3328 monasterium.
1134 3266 1196 3327 Ve-

215 3379 287 3426 rum
322 3363 354 3424 S.
376 3362 567 3424 Benedictus
600 3364 773 3426 monachos
805 3383 877 3426 suos
911 3369 1066 3445 perpetuo
1094 3364 1196 3427 voluit

248 3535 280 3596 (l)
301 3532 454 3596 Holsleniue,
467 3533 552 3584 Codex
569 3535 717 3598 repuleram
740 3536 946 3584 monasticorum.
959 3561 990 3572 -
1002 3536 1127 3596 Mobillon,
1147 3536 1197 3586 Aa·

217 3614 289 3664 noles
307 3611 404 3661 ordinis
422 3614 448 3663 S.
471 3613 610 3676 Benedicti,
624 3615 750 3664 Praelatio.
773 3640 804 3652 -
817 3613 974 3678 Thomassin,
992 3613 1066 3665 Vetas
1085 3617 1110 3665 et
1121 3615 1195 3666 Noua

220 3693 337 3745 Ecclesia
347 3691 493 3757 disciplina,
502 3707 561 3755 pars
575 3695 596 3754 l,
608 3693 651 3746 llb.
662 3693 707 3755 lll,
718 3707 774 3758 cap.
795 3705 854 3742 xxiv
867 3699 891 3743 et
901 3706 959 3744 xxv.
1036 3701 1039 3709 ·
