2604 4264
448 252 521 298 rans
541 233 712 300 sanemus)
740 304 743 312 ,
1011 259 1057 306 tar

86 372 173 433 ribus
193 371 333 452 negotiis
349 370 582 460 incumbentes,
602 372 647 433 ita
664 376 699 434 ut
712 370 761 434 sui
782 374 899 452 gradus
917 375 981 437 sint
999 377 1062 438 im-

86 487 258 530 memores
276 469 344 532 Sub
371 486 435 530 una
456 470 564 548 regula
585 469 816 548 comprehendi
830 478 993 550 nequeunt
1005 473 1064 536 ori-

86 568 172 628 mina
196 585 266 645 quae
295 567 376 628 hanc
395 583 522 644 paenam
539 572 717 642 merentur;
738 570 793 628 sed
806 571 963 646 -prudenti
989 572 1065 650 Epi-

84 680 259 743 scoporum
273 664 406 725 arbitrio
419 669 612 725 reservatum
629 669 685 739 est,
704 669 749 740 ut,
771 664 796 724 si
815 668 942 742 quando
957 666 1066 730 elerici

84 763 133 825 vel
167 761 273 823 olfieio
298 778 356 820 suo
383 778 447 822 non
471 761 650 840 fungantur,
679 762 727 822 vel
752 762 901 840 gravioris
923 763 1066 826 criminis

86 861 135 920 rei
159 860 400 936 redarguantur,
423 876 482 937 pro
508 858 631 919 ratione
661 858 770 918 delicti
797 863 828 919 et
856 860 1067 922 contumaciae

87 975 197 1037 poenas
225 954 411 1034 exasperare
428 955 551 1033 possint
567 973 668 1034 usque
690 957 730 1016 ad
748 956 896 1018 beneficii
915 957 1068 1038 privatio-

88 1073 172 1117 nem.

127 1154 182 1215 Ill.
199 1152 379 1214 Disorimen
394 1150 501 1213 existit
516 1150 599 1212 inter
613 1155 781 1228 utramque
796 1152 1005 1230 privationem
1019 1154 1070 1215 vel

93 1251 162 1328 ipso
180 1251 253 1330 jure
272 1252 368 1310 latam
382 1250 431 1310 vel
450 1249 608 1310 sententia
631 1248 750 1326 judicis
774 1247 983 1310 inserendam.
997 1253 1070 1311 lite-

92 1348 158 1408 nim
187 1348 323 1427 privatio
343 1349 414 1427 jure
429 1348 497 1426 ipso
512 1348 634 1409 inflicta
660 1367 726 1409 non
744 1347 867 1426 indiget
881 1352 1069 1413 auctoritate

90 1447 221 1524 judicis,
236 1463 294 1507 neo
307 1445 463 1507 sententia
482 1445 755 1522 condemnatoria,
772 1454 808 1512 ut
824 1448 973 1510 beneficii
994 1449 1072 1510 titu-

91 1547 162 1604 lum
175 1543 306 1604 adimat.
324 1543 469 1614 Quamvis
479 1543 662 1620 hujusmodi
678 1561 780 1622 poenae
795 1547 986 1607 sententiam
1008 1547 1072 1607 ori-

93 1639 192 1700 minis
208 1640 447 1702 deolaratoriam
466 1641 656 1719 plerumque
676 1643 851 1720 requirant,
869 1644 996 1721 quoties
1018 1644 1073 1704 de-

93 1737 207 1799 lictum
220 1755 284 1799 non
293 1744 340 1798 est
348 1756 406 1818 per
416 1739 907 1814 sesatisnotorium‚tamenhaeo
916 1740 1072 1802 sententia

94 1836 326 1910 retrotrahitur,
342 1853 402 1898 nee
417 1854 543 1915 poenam
566 1838 695 1916 proprie
713 1838 836 1916 infligit,
859 1839 913 1899 sed
932 1839 1074 1900 declarat

94 1934 210 1994 laetum
226 1951 265 1995 ex
281 1951 344 2011 quo
360 1933 508 1994 beneficii
525 1934 660 2012 privatio
681 1935 812 1996 inducta
828 1941 883 1997 est.
904 1938 1076 2014 Propterea
1158 1938 1159 1942 ’

96 2030 281 2093 beneficium
318 2036 444 2092 vanata
470 2031 523 2092 die
547 2033 662 2110 patrati
689 2033 842 2110 oriminis,
873 2038 904 2095 et
931 2034 1075 2112 percepti

95 2128 214 2189 fruetus
230 2135 304 2188 sunt
316 2130 515 2191 restituendi.

135 2224 309 2286 Dissimiles
323 2232 397 2288 sunt
412 2228 542 2291 effeetus
559 2227 688 2290 alterius
703 2227 905 2306 privationis;
922 2227 1075 2289 nimirum

96 2323 154 2383 ista
167 2323 301 2402 privatio
319 2342 376 2402 per
396 2325 587 2386 sententiam
596 2325 714 2404 judicis
740 2327 911 2404 infligenda
933 2325 1072 2389 vacatio·

95 2437 165 2480 nem
177 2421 326 2484 beneficii
340 2439 404 2482 non
418 2422 552 2494 inducit,
567 2423 630 2483 nisi
642 2425 798 2485 sententia
811 2422 1075 2486 condemnatoria

97 2519 127 2578 in
139 2537 208 2580 rem
217 2519 398 2599 judicatam
413 2519 588 2583 transierit.
611 2522 690 2595 Imo,
708 2521 734 2582 si
748 2540 875 2601 poenam
889 2519 1075 2602 privationis

95 2617 142 2693 jus
154 2619 289 2696 quidem
303 2636 369 2680 non
389 2618 544 2694 statuerit,
568 2620 623 2680 sed
637 2623 745 2680 tamen
755 2620 887 2682 arbitrio
895 2619 1012 2698 judicis
1024 2632 1074 2676 re-

98 2714 233 2792 liquerit,
249 2716 357 2793 judex‚
373 2715 399 2776 si
409 2716 494 2792 velit,
510 2716 669 2779 abstinere
682 2722 788 2793 potest
799 2736 818 2778 a
829 2716 1004 2795 privatione
1020 2713 1076 2774 be-

99 2814 211 2889 neficii,
230 2813 390 2893 aliamque
404 2814 567 2876 mitiorem
579 2831 707 2892 poenam
725 2815 878 2890 infligere.

269 3024 285 3086 ἓ
298 3021 322 3073 2.
334 3022 412 3074 -lla
423 3022 607 3076 observandis
622 3025 742 3074 vacante
754 3020 900 3073 beneflcio.

136 3191 306 3252 Beneficiis
324 3193 507 3254 vacantibus
525 3193 643 3270 duplex
660 3189 843 3251 sollicitudo
861 3179 1068 3278 impenditur,

103 3285 251 3349 videlieet
265 3292 300 3348 ut
313 3288 442 3350 interim
460 3289 609 3350 avieario
628 3291 820 3367 peragantur
838 3303 969 3348 munera
984 3286 1075 3366 spiri-

101 3383 205 3462 tualia,
219 3390 252 3447 et
267 3384 359 3447 simul
369 3387 407 3447 ab
424 3401 592 3448 ‹noonomo
606 3385 831 3464 temporalium
844 3383 1076 3446 administratio

99 3488 236 3558 geratur.
246 3485 295 3544 Ad
306 3489 642 3564 utrumquemunusut
652 3485 825 3563 plurimum
836 3502 917 3545 unus
927 3482 1076 3560 idemque
1130 3548 1133 3554 ,

102 3579 283 3658 deputatur.
1024 3647 1028 3655 ι

223 3694 259 3741 11.
925 3691 953 3740 tt
