2594 4286
217 305 250 352 50
380 303 536 351 uxrostrlo
557 303 733 351 umentes
753 305 837 350 sums
858 304 1013 350 cubrici.

215 423 415 504 participare.
428 422 518 485 Ratio
530 429 589 498 est,
601 424 676 502 quia
685 423 816 502 singulis
828 423 1031 486 societatibus
1044 421 1198 484 membra

214 522 404 602 participant
418 519 540 584 actibus
553 521 647 602 hujus
660 523 840 597 societatis3
858 522 945 602 atqui
962 521 1101 584 Ecclesia
1116 537 1196 582 ver-

214 621 481 702 saturinpublicis
491 621 613 683 actibus
622 621 879 701 religionisllrgo
888 620 1193 683 membrabicclesiae

214 721 361 781 tenentur
370 719 467 782 sacris
476 719 612 800 publicis
623 719 786 798 interesse,
798 726 829 782 et
841 720 1045 783 sacramentis
1058 717 1196 798 partici-

214 831 299 894 pare.

253 915 293 976 11.
315 914 437 978 Fideles
451 920 598 978 tenentur
611 915 645 977 in
661 917 767 996 specie
782 918 938 980 sacrificio
953 917 1057 980 missae
1073 917 1192 978 diebus

215 1012 303 1074 iestis
318 1012 479 1088 interesse,
496 1012 702 1076 Eucharistiae
715 1022 947 1078 sacramentum
967 1015 1125 1094 accipere,
1140 1031 1193 1075 sa-

217 1115 380 1174 cramento
395 1110 593 1173 Poenitentiae
609 1130 643 1173 se
657 1113 795 1192 expiare.
1285 1103 1286 1112 ¹

428 1321 451 1372 3.
468 1319 556 1372 Officia
571 1321 691 1373 laicorum
705 1323 800 1374 ratione
814 1321 972 1374 obedientie.

256 1479 280 1541 l.
303 1477 464 1540 'tenentur
484 1479 603 1553 fideles,
630 1479 750 1541 ratione
763 1480 879 1542 vinculi
897 1478 1098 1552 obedientie,
1125 1476 1193 1537 suis

217 1575 346 1638 subesse
358 1575 548 1654 pastoribus,
561 1582 592 1639 et
606 1561 782 1656 praesertim
797 1595 870 1639 cum
883 1580 1024 1640 Romano
1038 1574 1193 1638 Pontifice

217 1673 372 1735 unitatem
384 1690 516 1736 serrare.

256 1773 294 1834 ll.
318 1773 442 1834 Fideles
452 1777 611 1850 tenentur,
627 1774 747 1835 ratione
758 1775 850 1854 hujus
862 1773 989 1848 vinculi,
1002 1771 1192 1835 eorumdem

217 1875 378 1950 pastorum
394 1871 561 1951 preceptis
576 1871 812 1952 obtemperare;
831 1876 863 1934 et
877 1872 998 1952 singula
1011 1871 1067 1934 Dei
1083 1874 1116 1932 et
1128 1871 1191 1932 Ec·

217 1967 322 2030 ctesias
338 1971 485 2033 mandata
497 1970 674 2033 observare.

507 2182 523 2245 ς
538 2181 562 2234 2.
579 2207 608 2220 -
625 2181 693 2234 iura
708 2181 842 2235 laieorum
855 2184 895 2244 (1).

257 2333 369 2410 Laicis,
388 2341 517 2416 propter
530 2355 639 2400 eorum
653 2339 804 2401 unionem
816 2356 889 2401 cum
904 2337 1026 2402 Christo
1038 2342 1070 2400 et
1083 2336 1193 2398 Eccle-

219 2432 274 2507 sia,
293 2439 478 2513 competunt
493 2438 639 2515 quedam
651 2438 733 2517 jura,
750 2437 881 2498 minime
896 2437 1025 2518 quidem
1039 2437 1137 2498 relate
1150 2435 1190 2496 ad

217 2533 328 2606 Deum,
347 2533 401 2593 sed
417 2540 562 2612 respectu
576 2536 757 2598 hominum.
777 2539 851 2598 Haec
866 2535 939 2615 jura
952 2541 1139 2598 revocantur
1151 2534 1190 2594 ad

218 2628 379 2708 duplicem
394 2630 547 2694 classem:
877 2635 879 2642 ’

170 2807 171 2815 ,
254 2765 279 2818 l.
294 2761 343 2818 lus
359 2760 518 2834 reeipiendi
532 2762 659 2820 subsidia
671 2765 783 2823 salutis.

251 2853 280 2908 2.
293 2848 420 2908 lntluxus
434 2849 577 2908 laicorum
591 2853 623 2909 in
638 2853 773 2912 Ecclesia.

478 3060 499 3108 1.
513 3057 559 3108 lus
569 3057 703 3121 recipiendi
715 3057 825 3110 subsidia
833 3057 935 3114 salutis.
980 3103 981 3109 ,

258 3208 336 3270 Cum
357 3209 441 3285 laici,
466 3211 499 3272 in
523 3229 579 3274 sua
598 3214 751 3276 relatione
771 3215 810 3276 ad
834 3213 1055 3290 hierarchiam,
1073 3213 1191 3276 consti-

216 3309 308 3368 luant
321 3307 487 3370 ecclesiam
500 3311 688 3389 discentem,
697 3303 956 3375 sanctificandam
967 3318 998 3375 et
1007 3313 1189 3390 regendam,

247 3494 279 3555 (ι)
299 3491 410 3554 sualua,
434 3493 475 3544 nu
494 3495 565 3547 arou
580 3497 668 3562 plara
690 3499 721 3549 ue.
737 3485 853 3564 thyrea
865 3500 906 3551 uv.
923 3501 947 3551 1.
964 3524 995 3535 -
1007 3499 1120 3560 paruus,
1134 3500 1187 3549 ua-

216 3573 373 3704 {3:⁰1inOE
388 3572 587 3640 ecelesiastici,§
600 3580 639 3628 bb
653 3604 684 3618 -
698 3579 997 3642 &subinstitutionem
1012 3581 1187 3629 canonicorum

255 3693 259 3704 .
291 3685 298 3712 ς
377 3689 383 3702 ·
