2604 4264
239 317 273 362 96
404 316 561 364 nxrosrnto
583 315 760 362 METEODICA
780 315 863 362 Junls
886 317 1043 363 GANONICI.

145 482 147 488 .
238 437 370 515 Gelasio,
384 437 1093 518 GregorioMagno;Oiiiciicompendiumper
1105 453 1222 499 omnes

237 539 346 599 Romae
361 537 512 598 ecelesias
529 536 696 598 inductum
715 535 912 616 approbante
926 537 958 598 S.
977 534 1129 615 Gregorio
1146 537 1219 610 vu;
1291 539 1292 596 i

227 628 393 706 ,librorum
413 635 635 712 liturgicorum
648 635 839 696 revisionem
857 651 875 693 a
892 633 1097 717 GregorioIX
1118 635 1222 694 Fran·

198 798 201 804 ,
237 733 372 796 cistranis
393 733 615 809 commissam
638 739 737 796 status
760 732 895 812 liturgiae
917 733 1032 793 saeculo
1059 747 1120 808 xv;
1144 731 1221 792 Bre·
1291 793 1292 796 ,

239 831 375 894 riarium
386 835 566 896 Romanurn
581 850 600 892 a
613 831 669 893 Pio
684 833 710 894 V
723 831 904 892 restitutum
918 836 949 893 et
965 825 1100 908 editum,
1116 848 1136 892 a
1150 829 1220 892 Cle·
1291 831 1292 880 t

238 936 345 992 mente
367 932 436 995 Vlll
450 919 482 993 et
496 930 622 1027 Urbano
637 930 706 992 vlu
722 929 932 1008 recognitum.

515 1141 571 1206 Μ.
587 1169 616 1180 -
638 1140 726 1194 Officii
745 1138 833 1194 divini
846 1139 933 1194 notio.

279 1315 303 1375 Ι.
322 1312 403 1395 Ejus
415 1311 547 1396 definitio
558 1321 587 1374 et
600 1311 781 1377 excellentia.
797 1344 836 1359 —
849 1311 996 1374 Officium
1013 1309 1157 1372 divinum
1172 1314 1218 1370 est

238 1411 334 1474 oratio
341 1411 472 1493 publica,
486 1409 713 1492 velpsolmodic,
726 1411 787 1473 Dec
795 1409 985 1494 persolvenda
994 1409 1106 1471 nomine
1114 1407 1217 1471 Ecclc
1291 1421 1292 1504 3

237 1507 299 1582 sice,
318 1507 348 1567 in
360 1526 485 1588 persono
496 1507 601 1588 populi
609 1507 717 1588 fidelis

277 1605 401 1667 Dicitur
421 1609 451 1666 1⁰
474 1605 577 1667 Oratio
590 1605 722 1687 publicu.
745 1607 871 1668 Etenim
892 1605 1014 1668 aliaest
1030 1603 1131 1667 oratio
1150 1601 1217 1685 pri-

239 1710 308 1764 vcta
319 1703 526 1780 singulorum,
537 1704 708 1767 aiiaoratio
718 1705 875 1766 communis
884 1705 1033 1783 plurium,
1043 1703 1105 1765 alia
1115 1701 1218 1764 oratio

235 1800 354 1885 publico
369 1819 440 1882 quac
455 1803 491 1864 fit
505 1803 537 1863 in
553 1820 688 1882 persona
703 1803 854 1866 Ecclesiae
871 1805 959 1884 juxta
981 1803 1048 1882 ejus
1063 1807 1218 1864 statutum

239 1908 272 1966 et
296 1920 314 1963 a
341 1901 496 1964 ministris
522 1903 620 1966 illius.
644 1903 719 1964 Haee
746 1907 853 1965 autern
879 1902 1039 1964 efficacior
1062 1906 1110 1963 est
1133 1901 1218 1981 apud

237 2005 349 2065 Deum.

256 2100 400 2174 ¹Dicitur
428 2104 461 2162 2⁰
495 2097 674 2162 Psoimodio.
712 2097 840 2160 Duobus
875 2098 964 2160 enim
989 2095 1093 2161 modis
1123 2099 1217 2160 Horae

238 2197 400 2260 canonicae
418 2199 639 2278 proferuntur,
657 2199 705 2260 vel
724 2197 911 2260 recitatione
934 2197 1054 2278 privata
1070 2201 1102 2260 et
1115 2195 1218 2260 sensi·
1263 2219 1264 2223 ¹

238 2295 296 2357 bili
311 2313 398 2371 voce,
417 2297 465 2358 vel
480 2296 513 2356 in
529 2297 628 2358 choro
643 2313 718 2358 cum
734 2295 913 2376 psalmodia
925 2300 957 2359 et
968 2300 1075 2358 cantu.

277 2393 401 2456 Dicitur
415 2396 446 2455 3⁰
466 2393 528 2456 Deo
538 2391 740 2475 persolvenda.
760 2393 919 2464 Quatenus
932 2397 981 2454 est
995 2391 1096 2456 oratio
1112 2390 1218 2472 quoti·

239 2492 490 2568 dinumeratis,
513 2493 652 2572 publiea,
678 2491 825 2556 Officium
851 2493 917 2554 Deo
944 2491 1072 2555 exhibet
1093 2493 1216 2554 cultum

240 2595 405 2668 creatum,
421 2591 561 2654 hominis
578 2597 610 2654 et
623 2589 848 2654 ecclesiasticae
864 2589 1036 2663 societatis.

277 2689 400 2752 cicitur
416 2695 449 2750 ro
463 2689 588 2751 nomine
602 2687 755 2766 nonesto,
770 2687 930 2769 siquidem
946 2688 1095 2752 oncrum
1110 2689 1219 2750 neore·

221 2793 223 2796 ’
238 2788 317 2851 siam
335 2787 587 2868 triumphantem
614 2787 768 2863 imitatur,
785 2787 961 2866 patientem
976 2787 1171 2861 consolatur,
1188 2793 1219 2847 et
1291 2781 1292 2860 ᾗ

238 2888 391 2951 Ecclesiae
407 2887 557 2950 militanti
570 2887 698 2966 proiicit
710 2887 743 2946 in
755 2887 901 2948 salutem.

277 2985 399 3048 Dicitur
422 2990 453 3047 5⁰
472 2985 510 3047 Ic
524 3005 651 3068 persona
669 2985 776 3067 populi
791 2983 897 3066 fidelis.
924 2985 1002 3046 Cum
1020 2983 1131 3044 fideles
1149 2981 1218 3046 uni-

237 3083 329 3160 versi,
343 3101 380 3146 ac
394 3085 573 3162 praesertim
588 3083 703 3147 Clerici
717 3083 876 3145 continuis
891 3083 930 3143 ad
947 3085 1049 3143 Deum
1067 3081 1216 3160 precibus
1291 3081 1292 3156 ff

238 3181 387 3259 occupari
411 3181 558 3258 debeant,
583 3181 680 3262 idque
704 3183 744 3243 ob
770 3187 891 3242 naturae
915 3180 1060 3240 humanae
1087 3177 1218 3239 infirmi·
1291 3251 1292 3262 ἶ

237 3282 347 3352 tatem,
369 3276 527 3358 hujusque
551 3281 623 3342 vitm
650 3277 917 3358 negotiaperfiei
949 3281 1102 3356 nequeat,
1131 3276 1217 3338 statis
1291 3289 1292 3366 ζ

237 3377 349 3438 saltem
363 3377 451 3464 horis
468 3378 577 3440 laudes
590 3381 656 3440 Deo
671 3378 829 3440 solvendae
842 3375 1084 3456 praecipiuntur,
1105 3379 1143 3436 ut
1157 3375 1216 3436 hoc
1291 3375 1292 3388 ¹

237 3482 331 3554 pacto
346 3491 404 3555 per
423 3477 487 3539 diei
501 3494 628 3539 cursum
648 3479 715 3540 Deo
730 3493 841 3556 preces
857 3475 982 3556 offerre,
1004 3480 1036 3537 ot
1054 3491 1217 3554 nunquam
1291 3475 1292 3552 3

238 3590 362 3636 cessare
380 3574 555 3637 videamur.

277 3671 316 3734 ΙΙ.
332 3671 441 3734 Portas
460 3673 554 3735 divini
566 3672 669 3754 officit}
687 3661 718 3736 et
731 3672 885 3736 Horarum
898 3691 1046 3734 numerus
