2590 4262
460 226 534 272 PARS
554 227 719 274 SPECIALIS.
854 231 860 238 '
1023 237 1077 281 209

140 346 177 406 11.
194 345 239 404 De
254 342 460 406 conclusione
473 343 506 403 in
516 359 611 404 causa
624 345 687 406 duo
701 349 774 406 sunt
783 345 1075 412 animadvertenda:

140 446 171 505 l.
195 443 258 503 Ista
273 441 439 502 conclusio
454 442 565 517 eflicit,
579 447 615 504 ut
625 447 694 504 acta
705 443 867 522 judicialia
879 447 1075 526 claudantur,

103 554 159 598 nec
175 553 266 599 novae
292 536 498 616 probationes
519 538 738 614 admittantur,
764 538 824 600 nisi
842 541 917 619 quid
932 544 1079 623 inopina·

103 642 170 698 tum
189 639 346 713 emergat;
372 635 512 713 exceptis
535 636 637 697 causis
660 636 889 715 criminalibus,
913 642 1079 704 matrimo-

101 731 251 806 nialibus,
264 737 295 794 et
310 731 478 807 similibus,
492 733 527 794 in
540 733 654 813 quibus
665 739 712 796 cst
724 734 902 813 periculum
912 739 1036 801 animae.

140 833 172 893 2.
190 829 356 892 Conclusio
368 830 401 890 in
413 848 508 892 causa
521 832 675 910 partibus,
688 851 753 894 non
762 834 863 913 judici
873 837 1077 915 praejudicat;

101 928 236 1007 proinde
250 928 376 1006 quoties
393 929 495 1007 judici
520 929 663 1008 legitima
682 930 765 991 ratio
781 930 949 1008 videbitur,
964 933 1082 1012 proba-

101 1033 222 1096 tionem
236 1033 405 1095 admittere
420 1035 539 1113 poterit
551 1035 603 1115 (l).

378 1274 402 1321 2.
414 1269 450 1318 De
465 1269 588 1319 sententia
598 1270 745 1331 preferenda
759 1271 803 1333 (2).

142 1449 307 1512 Sententia
325 1455 371 1511 est
379 1450 587 1530 pronuntiatio
598 1449 721 1531 judicis,
735 1470 794 1530 quo
806 1449 956 1532 judicialis
968 1459 1083 1512 contro-

104 1549 200 1609 uersia
214 1546 360 1628 definitur.
378 1546 465 1608 lllius
479 1547 602 1625 species
619 1553 651 1609 et
664 1549 766 1609 forma
782 1552 993 1626 exponuntur.

143 1646 167 1706 l.
184 1645 265 1726 Ejus
276 1643 390 1725 spectes.
407 1646 626 1708 -Sententia
641 1646 792 1708 dividitur
802 1645 834 1704 in
848 1645 1034 1725 definitivum
1047 1651 1078 1707 et

103 1742 362 1805 interlocutom'cm.

142 1845 170 1902 l.
187 1841 350 1904 Sententia
372 1838 524 1921 definitivo
546 1843 605 1914 est,
623 1857 695 1918 qum
719 1857 845 1904 causam
869 1840 1078 1919 principalem

104 1941 135 2001 in
150 1939 310 2019 Judicium
330 1939 502 1998 deductam
523 1937 646 1999 dirimit
660 1939 709 1999 vel
724 1937 926 2012 absolvendo,
942 1939 991 2000 vel
1004 1956 1081 2000 con-

103 2037 293 2111 demnando
310 2037 359 2097 vel
376 2035 578 2095 declarando.

141 2131 180 2190 ln
196 2130 296 2192 causis
318 2127 463 2190 civilibus
482 2127 535 2188 illa
550 2132 598 2189 est
612 2127 660 2190 vel
674 2126 867 2200 absolutoria,
889 2128 936 2188 vel
951 2126 1081 2188 conmm-

102 2227 296 2307 notorioquae
305 2244 394 2288 reum
403 2228 544 2301 damnat,
557 2225 651 2304 eique
661 2226 918 2304 poenaminlligit.
932 2227 967 2286 ln
977 2227 1079 2287 causis

102 2326 321 2388 criminalibus
333 2324 449 2403 triplex
469 2327 517 2384 cst
532 2342 539 2383 :
554 2340 640 2398 nam,
662 2328 779 2402 praeter
800 2322 1041 2398 absolutionem,
1062 2341 1080 2384 a

102 2423 258 2486 sententia
286 2420 545 2508 condemnatoris
573 2419 678 2482 differt
709 2421 865 2482 sententia
886 2419 1081 2481 damnatoria

102 2521 254 2595 criminis,
280 2537 341 2599 qua
360 2520 458 2598 judex
472 2518 623 2594 declarat,
641 2535 731 2580 reum
746 2517 896 2580 incidisse
911 2519 981 2596 ipso
996 2519 1080 2578 facto

101 2620 134 2680 in
143 2635 271 2698 poenam
279 2619 351 2698 jure
364 2620 526 2678 statutam.
537 2617 593 2678 Illa
603 2617 667 2677 rim
679 2616 775 2677 habet
784 2632 802 2675 a
811 2617 873 2690 dic,
887 2634 949 2694 qua
959 2616 1074 2688 fertum

102 2717 171 2780 hcc
183 2716 404 2780 retrotrahitur
418 2715 458 2775 ad
472 2713 558 2775 diem
574 2712 683 2776 delicti
698 2713 873 2775 commissi.

140 2818 172 2878 2.
207 2813 369 2876 Sententia
395 2811 614 2872 interlocutoria
643 2825 737 2889 super
764 2808 898 2870 articulo
924 2806 1077 2869 incidenti

102 2914 260 2996 prptertur
280 2912 363 2973 inter
380 2909 574 2989 principium
587 2913 619 2969 et
634 2909 731 2967 finem
746 2923 859 2967 causae.
874 2904 996 2983 Duplex
1010 2910 1076 2967 est:

102 3011 163 3072 alia
176 3009 310 3091 simplex,
324 3027 394 3088 qum
407 3024 473 3069 non
488 3006 588 3069 officit
605 3021 708 3066 causae
722 3001 901 3083 principali,
919 3002 1019 3078 qualis
1032 3007 1079 3065 est

103 3108 305 3171 interlocutio
320 3123 414 3184 super
424 3104 559 3166 testibus
575 3100 806 3181 producendis;
826 3099 886 3160 alia
908 3099 1002 3160 mota
1023 3118 1077 3164 seu

6 3183 7 3260 Ῐ
102 3206 226 3282 media,
247 3223 318 3284 quae
337 3203 401 3264 vim
427 3200 597 3264 definitivae
620 3197 726 3261 babet.
752 3197 898 3269 Quamvis
923 3200 1078 3261 sententia

6 3323 8 3396 ὲ
102 3304 200 3366 mixta
214 3319 341 3366 causam
356 3301 567 3381 principalem
581 3313 727 3376 expresse
741 3312 805 3356 non
815 3295 953 3372 decidat,
971 3303 1077 3360 tamen

6 3455 8 3532 l

132 3493 165 3552 (l)
180 3490 408 3552 Schmulzgrueber,
417 3487 463 3535 Jus
472 3479 727 3541 ecclesiasticumdib.
741 3480 772 3540 ll,
786 3479 826 3531 tit.
838 3492 920 3530 xxru.

6 3595 8 3648 ς
86 3605 90 3615 ·
132 3573 166 3634 tt)
181 3568 403 3621 Decretott'umlib.
420 3567 453 3626 ΙΙ,
468 3564 509 3616 tit.
528 3575 607 3624 xrvu,
620 3559 651 3611 de
665 3559 806 3612 Sententia.

914 3653 958 3700 lt.
