2604 4264
197 271 249 318 lta
365 265 521 314 uxaosr‘rlo
542 265 720 312 unruomca
740 264 823 310 tutus
845 264 1017 316 canumet„

231 387 260 448 l.
275 385 457 447 Necessaria
467 389 516 445 est
528 382 707 463 acceptatio
727 380 1030 442 administratorum.
1041 376 1181 441 Etenim

190 483 335 544 fundatio
358 483 464 545 induit
490 485 638 542 naturam
658 484 861 552 contractus3
885 477 972 556 atqui
992 480 1182 538 contractus

190 585 302 642 mutuo
318 597 477 647 consensu
491 570 657 640 offerentis
674 583 707 640 et
718 575 912 655 acceptantis
926 575 1100 655 perficitur.

231 681 262 740 E.
288 677 470 756 Requiritur
496 692 671 736 consensus
694 673 855 752 Episcopi,
872 674 912 760 ad
932 689 1029 752 quem
1049 673 1182 750 spectat

190 775 332 838 officium
355 773 542 850 invigilandi
564 790 605 836 ne
628 773 771 834 ecolesiae
788 776 960 833 onerentur
977 768 1180 833 fundationi-

190 873 260 947 bus,
275 871 391 951 quibus
405 872 487 931 forte
503 869 685 940 satisfacere
697 888 761 931 non
775 873 917 948 possent.
1081 857 1086 862 ’

229 969 268 1029 ΙΙ.
288 967 393 1028 Modus
417 967 548 1048 ertpendi
566 967 751 1047 fundationes
766 965 937 1027 summarie
965 962 1177 1026 describitur.

231 1068 261 1124 l.
276 1065 514 1126 Attendendum
537 1071 594 1141 est,
615 1083 655 1125 an
671 1065 804 1127 eeclesia
823 1065 924 1126 valeat
941 1061 1176 1124 convenienter

191 1161 762 1241 mmmmmmfflm.

227 1264 258 1322 2.
276 1260 457 1322 Curandum
479 1265 537 1336 est,
557 1265 592 1321 ut
613 1260 734 1322 reditus
756 1257 949 1320 fundationis
977 1257 1182 1319 sufficientes

190 1357 252 1419 sint
263 1357 353 1437 juxta
366 1362 483 1420 statuta
495 1357 743 1437 uniuscujusque
757 1355 915 1417 diaecesis.
928 1356 976 1415 Ne
988 1353 1178 1415 labentibus

190 1455 279 1517 annis
293 1455 414 1517 reditus
436 1453 570 1515 evadant
585 1455 735 1534 impares,
757 1452 870 1532 majori
888 1451 1048 1530 stipendio
1062 1450 1179 1528 provi-

190 1555 284 1615 detur
309 1559 379 1615 tum
405 1551 615 1614 celebrationi
639 1552 806 1614 missarum
833 1553 1069 1630 perpetuarum,
1098 1551 1177 1608 tum

189 1652 305 1713 futurae
319 1651 540 1713 imminutioni
553 1652 725 1713 bonorum.

228 1751 258 1811 3.
284 1750 316 1810 Si
335 1754 469 1811 testator
493 1749 668 1828 neglexerit
688 1747 832 1827 expensis
848 1745 1034 1806 necessariis
1058 1761 1178 1807 consu-

189 1845 265 1918 lere,
285 1850 362 1907 tuna
385 1847 562 1927 Episcopus
577 1865 678 1908 unum
691 1864 729 1908 ex
748 1845 872 1934 duobus
895 1843 1009 1922 eliget:
1028 1844 1077 1905 vel
1097 1844 1177 1904 fun-

190 1941 353 2004 dationem
373 1962 439 2006 non
452 1943 654 2025 approbabit,
671 1945 720 2007 vel
741 1953 820 2005 nova
836 1941 1003 2004 conventio
1017 1959 1091 2002 curu
1104 1941 1179 2002 hae-

190 2039 319 2102 redibus
331 2041 444 2105 initur.
1083 2107 1085 2114 ,

230 2129 413 2218 Episcopus
422 2144 527 2217 potest
541 2140 742 2202 ordinatione
763 2140 867 2202 stabili
881 2140 1040 2202 declarare
1055 2139 1177 2200 funda·
1269 2132 1277 2154 ⁸

190 2234 296 2296 tiones
310 2228 374 2296 non
399 2238 611 2314 acceptandus
627 2239 695 2300 fore
714 2237 777 2298 nisi
793 2238 851 2299 sub
867 2239 962 2300 certis
982 2235 1178 2300 conditioni·

191 2332 270 2406 bus;
299 2333 413 2394 exinde
441 2335 495 2414 qui
524 2336 728 2397 fundationes
753 2341 945 2415 testamento
972 2335 1175 2396 constituunt

191 2430 306 2492 merito
334 2437 572 2510 praesumuntur
598 2451 670 2494 suas
691 2433 884 2496 intentiones
900 2435 997 2514 -juxta
1017 2438 1176 2495 statutum

194 2545 399 2607 componere.
427 2530 492 2590 Nisi
522 2547 597 2592 vero
620 2532 671 2592 lex
698 2533 895 2611 praecaverit,
917 2533 965 2594 vel
987 2549 1069 2594 nova
1094 2547 1176 2592 oon-

190 2625 298 2688 veutio
320 2627 445 2688 ineatur
466 2645 504 2690 err
520 2632 632 2690 mutuo
648 2646 806 2696 consensu
822 2629 972 2708 partium,
992 2629 1177 2708 Episcopus¹

189 2741 254 2784 non
269 2726 388 2803 poterit
399 2727 471 2806 jure
485 2727 617 2806 proprio
627 2729 783 2790 reducere
796 2745 968 2789 numerum
980 2728 1163 2803 missarum

191 2821 311 2883 etenim
329 2824 504 2903 pontificias
519 2825 604 2904 leges
629 2826 669 2888 de
690 2827 878 2888 reductione
903 2815 1086 2906 hujusmodi
1101 2825 1176 2885 affi-

190 2918 281 2981 ciunt
293 2938 359 2982 non
371 2923 475 2983 solum
489 2923 688 2987 fundationes
700 2924 768 3004 jam
782 2924 891 2999 factas,
909 2923 964 2986 sed
979 2923 1076 2985 etiam
1093 2940 1178 2985 non·

193 3016 271 3077 dum
285 3026 465 3100 acceptatas
481 3021 532 3102 ll).

230 3117 259 3174 l.
284 3116 453 3194 Specimen
471 3119 650 3181 litterarum
671 3119 871 3181 fundationis
896 3119 1063 3181 conficitur
1084 3123 1115 3180 et
1128 3117 1172 3178 ad

193 3210 388 3292 Episcopum
414 3217 579 3279 revisionis
605 3234 700 3279 causa
724 3217 960 3279 transmittitur.
987 3218 1064 3279 Post
1087 3217 1174 3277 banc
1229 3219 1242 3288 l,

193 3310 437 3386 correctionem,
459 3332 540 3378 verae
564 3321 595 3378 et
616 3317 730 3378 validae
744 3315 939 3392 fundationis
959 3315 1074 3376 litterae
1093 3332 1175 3376 con·
1242 3350 1279 3415 ,3

191 3405 352 3482 ficiuntur,
368 3428 503 3488 quarum
514 3415 615 3476 forma
630 3415 755 3478 interna
769 3415 892 3477 diversa
906 3419 954 3476 est
964 3414 1054 3493 juxta
1067 3413 1175 3476 varios
1261 3452 1265 3464 ·

220 3603 255 3666 (1)
269 3603 418 3656 Benedictus
430 3607 495 3670 xtv,
510 3609 543 3660 de
552 3610 652 3674 syuodo
666 3613 815 3675 dioecesana,
825 3613 869 3663 lib.
880 3612 950 3672 x111,
962 3625 1016 3674 cap.
1031 3611 1078 3660 ult.
