2618 4252
229 301 281 346 306
402 285 560 346 nxrosrrl'o
582 297 758 344 naraonlca
779 295 862 342 aunis
884 293 1039 339 GANONICI.

624 537 752 600 CAPUT
778 537 804 597 ΙΙ
901 574 903 583 ι

380 709 511 758 Gradus
526 709 678 759 Ecclesia
688 721 757 766 pree
772 707 929 771 societate
938 705 1054 754 civili.-

261 889 327 942 Anr.
343 889 365 943 l.
395 889 463 942 lura
477 887 618 942 societatis
629 885 764 957 perlectae
778 884 809 938 in
824 889 985 940 extraneos.

260 976 326 1030 Ans.
342 977 374 1031 ll.
394 976 537 1030 Primatus
551 975 683 1030 Ecclesiae
696 973 790 1044 quoad
800 973 947 1029 societates
967 971 1067 1027 civiles
1081 969 1206 1026 catholi-

225 1078 338 1120 COl‘Uffl.

585 1249 804 1305 ARTICULUS
821 1249 834 1302 l

384 1431 451 1470 runa
469 1431 616 1471 somnians
631 1433 769 1472 conruens
781 1434 811 1472 m
823 1432 975 1470 nxrnsnsos
990 1415 1041 1486 (l).

156 1672 157 1675 Ἴ
264 1602 340 1662 Jura
360 1594 520 1656 societatis
541 1595 691 1673 perlecta
717 1597 750 1656 in
773 1601 937 1657 extraneos
961 1595 1084 1674 duplici
1105 1597 1204 1658 modo
1291 1591 1292 1668 l

224 1698 417 1774 spectantur,
439 1693 488 1753 vel
511 1693 544 1751 in
565 1701 645 1753 statu
664 1692 823 1754 cmcordioe
840 1693 1004 1772 utriusque
1026 1691 1200 1767 societatis,

223 1793 271 1854 vel
286 1792 319 1851 in
328 1797 412 1870 ,statu
425 1789 587 1871 conflictus.

262 1892 286 1951 Ι.
300 1888 460 1970 Ejusmodi
467 1889 541 1968 juro
560 1887 589 1946 in
607 1894 688 1947 stota
702 1885 860 1947 concordiae
873 1886 1028 1966 utriusque
1043 1885 1201 1947 societates.

262 1987 378 2067 Ecquid
396 1990 436 2047 1⁸.
452 1988 498 2046 Ex
512 1985 633 2046 duabus
652 1984 854 2046 societatibus
875 2003 945 2063 quae
967 1985 1084 2045 iisdem
1103 2000 1205 2076 mern-

223 2085 289 2146 bris
317 2085 510 2159 coalescunt,
541 2088 694 2160 quatenus
723 2083 756 2142 in
784 2088 866 2144 statu
895 2081 1080 2146 concordiae
1114 2086 1200 2156 sunt,

223 2181 304 2242 oniba
316 2181 398 2243 debet
410 2182 534 2242 alteram
545 2177 693 2260 impedire.

263 2279 357 2341 Prob.
377 2285 420 2340 1⁰.
441 2313 482 2324 -
499 2278 673 2340 Societates
694 2277 878 2356 hujusmodi
899 2276 1019 2338 babent
1043 2277 1202 2338 rationem

224 2377 364 2458 plurium
381 2382 412 2438 et
432 2377 625 2437 diversarum
646 2374 885 2454 obligationum,
909 2393 980 2453 quaa
1001 2373 1109 2434 eidem
1131 2371 1201 2433 sub-

221 2475 308 2556 jecto
330 2475 504 2548 inhaerent3
527 2473 686 2551 siquidem
706 2491 770 2533 non
789 2472 874 2533 aliud
900 2477 947 2534 est
969 2471 1117 2544 societas,
1142 2469 1201 2530 nisi

224 2569 397 2632 multitudo
417 2568 584 2629 hominum
605 2568 848 2646 suscipientium
869 2574 1013 2629 mutuam
1029 2565 1202 2647 obligatio·

224 2683 298 2726 nem
313 2666 496 2728 conserendi
510 2665 591 2726 vires
606 2682 676 2726 suas
692 2665 731 2726 ad
747 2672 871 2728 certum
889 2668 986 2728 finem
1000 2681 1203 2744 consequen-

224 2763 313 2824 dum.
330 2764 425 2842 Atqui
444 2781 482 2824 cx
500 2761 643 2842 pluribus
663 2763 911 2842 obligationibus
928 2764 1035 2826 eidem
1056 2762 1201 2841 subjecto

224 2849 463 2938 inhaerentibus,
477 2865 631 2939 quatenus
650 2859 683 2920 in
698 2865 781 2922 statu
793 2860 975 2922 concordiae
989 2865 1073 2935 sunt,
1089 2873 1203 2920 omnes

223 2957 381 3019 observari
401 2960 529 3032 debent,
545 2959 689 3036 adeoque
707 2959 795 3026 nulla
810 2957 906 3020 debet
920 2959 1015 3020 aliam
1030 2955 1201 3037 impedire.

264 3055 358 3117 Proh.
388 3059 417 3117 Ξ).
445 3057 550 3118 Status
576 3054 758 3116 concordiae
786 3054 870 3116 inter
896 3056 1004 3134 plures
1034 3055 1203 3116 societates

224 3151 338 3213 iisdem
372 3151 525 3214 membris
561 3154 776 3215 coalescentes
815 3153 976 3233 supponit,
1006 3151 1201 3230 singularum

224 3247 321 3308 linem
335 3251 454 3312 salvum
474 3255 506 3312 et
523 3249 661 3311 liberum
680 3267 757 3329 esse,
772 3266 876 3329 neque
893 3251 933 3312 ab
947 3249 1017 3310 aliis
1037 3247 1199 3327 impediri.

224 3345 321 3422 Atqui
339 3347 482 3410 societati
503 3348 655 3426 perlecta
674 3349 830 3429 competit
841 3353 966 3410 tantum
981 3352 1123 3428 potestas
1137 3346 1202 3406 exi-

254 3539 292 3605 (1)
308 3542 436 3602 Tarquini,
458 3543 632 3592 Institutiones
638 3545 708 3608 juris
719 3544 882 3594 ecclesiastici
893 3542 1000 3609 publici,
1017 3546 1063 3596 lib.
1076 3544 1096 3606 l,
1109 3558 1167 3607 cap.
1182 3557 1199 3603 r,

223 3627 285 3670 sect.
298 3626 320 3670 l.
