2594 4286
465 269 538 314 etas
560 269 724 316 sabellus.
1047 270 1080 317 19

144 387 182 446 11
206 383 305 445 Gallia
334 402 392 464 pro
414 385 699 447 communitatibus
732 385 903 447 mulierum
932 386 1081 467 Episcopi

105 481 321 548 confessarios
345 483 524 561 specialiter
544 483 723 562 approbant
737 489 769 545 et
785 483 909 546 statutis
928 485 1082 564 tempori-

107 584 169 645 bus
185 580 451 644 extraordinarios
467 581 659 644 concedunt.

143 682 198 741 lv.
217 677 357 740 Martiales
376 679 435 740 siae
459 679 604 740 clausura.
622 712 663 726 —-
674 683 701 742 Α
713 686 858 765 tempore
875 681 907 742 S.
923 679 971 741 Pii
988 683 1014 743 V
1032 685 1083 744 to·

106 779 250 839 lerantur
267 777 530 856 Congregationes
545 776 765 839 Teata'arz'aram.

148 873 374 935 Coaseraatom'a
387 873 536 936 dicuntur
556 882 728 937 conventus
746 875 876 936 aliarum
897 873 1084 936 monialium

105 973 178 1034 sine
188 973 333 1033 clausura
343 973 463 1034 etvotis
472 972 666 1034 solemnibus
677 973 934 1034 viventiumlstae
950 987 1084 1050 cougre-

106 1070 1083 1152 gationesdcjurcoommunibodiesunttoleratae,nonautem

106 1167 303 1247 approbatae.
327 1169 406 1230 Sunt
425 1169 575 1243 toleratae,
592 1185 668 1228 nam
679 1168 771 1229 variae
796 1168 960 1229 facultates
975 1166 1051 1245 ipsis
1066 1181 1084 1225 a

107 1267 262 1328 Pontifice
282 1267 514 1330 conceduntur.
536 1268 605 1329 Nou
621 1272 694 1328 sunt
710 1265 908 1345 approbatae,
927 1271 1083 1342 quatenus

107 1365 314 1426 adversantur
337 1364 557 1429 constitutioni
580 1364 627 1424 Pii
647 1366 673 1426 V
696 1383 703 1424 τ
729 1363 847 1426 etenim
873 1379 946 1425 cum
965 1361 1083 1442 aliquid

106 1464 218 1524 Romae
237 1463 276 1523 de
291 1461 339 1522 his
353 1460 560 1523 conventibus
574 1462 766 1534 decernitur,
789 1460 917 1522 additur
932 1459 1082 1534 clausula,

107 1561 186 1621 citra
196 1558 435 1641 approbationem
446 1559 663 1634 aameroatorii,
681 1559 775 1621 etiam
791 1559 918 1639 quando
930 1557 1085 1638 approba·

108 1667 162 1723 tur
180 1660 300 1738 regula.

148 1756 400 1818 controvertitur
413 1774 452 1818 au
472 1757 540 1818 istae
559 1755 823 1836 congregationes
836 1755 1004 1818 essentiam
1023 1759 1086 1818 sta-

109 1858 160 1916 tus
173 1853 314 1932 religiosi
329 1853 479 1918 habeant.

148 1952 244 2012 Juxta
255 1956 445 2030 praesentem
463 1953 614 2014 Ecclesia
629 1952 841 2031 disciplinam,
858 1969 916 2032 pro
933 1951 1085 2013 solemni-

109 2047 168 2109 bus
178 2066 242 2110 uon
258 2054 463 2128 acceptantur
483 2054 554 2111 vota
567 2049 753 2111 monialium
771 2067 841 2129 quaa
855 2050 916 2129 legi
931 2051 1084 2112 clausurae

108 2146 374 2226 nonsubjaeeut.
916 2155 918 2160 '

255 2379 370 2439 Quusrro
382 2381 416 2428 3¹.
429 2404 459 2416 -
471 2379 508 2429 Ex
527 2391 645 2428 necturna
658 2361 886 2429 Cononxatrtonuu
903 2380 944 2442 (1).

148 2549 174 2610 Ι.
192 2545 436 2627 Conprepotianes
460 2546 591 2607 virorum
613 2547 679 2608 sine
695 2548 775 2609 votis
803 2541 997 2610 solemnibus
1013 2554 1088 2612 sunt

109 2645 277 2724 Episcopis
291 2644 461 2724 subjectae3
476 2661 549 2705 nam
561 2645 705 2706 Pontifex
717 2663 782 2720 nou
796 2647 876 2708 solet
892 2648 930 2707 ad
947 2647 1015 2708 illas
1026 2647 1088 2724 pri-

109 2743 261 2820 vilegium
274 2742 482 2820 exemptionis
506 2743 689 2806 extendere.
709 2747 868 2819 Attamen,
888 2749 919 2805 t⁰
933 2763 998 2806 oon
1011 2744 1088 2806 sub·

107 2841 205 2918 jactae
227 2843 301 2901 sunt
327 2840 485 2918 Episcopo
512 2840 617 2919 quoad
638 2839 776 2917 ipsarum
800 2833 1043 2902 constitutiones
1070 2854 1088 2898 a

113 2939 150 3000 S.
163 2939 245 3000 Sede
256 2938 531 3016 approbatas-2⁰
541 2940 782 3001 Administratio
793 2938 951 3000 bonorum
961 2937 1000 2997 ad
1010 2937 1089 2999 Con·

110 3035 310 3114 gregatioues
320 3036 468 3113 pertinet.
487 3037 548 3097 Sed
566 3037 736 3116 requiritur
748 3036 875 3097 licentia
886 3033 1035 3114 Episcopi
1047 3033 1087 3094 ad

109 3133 315 3194 alienandum
328 3133 493 3195 immobile
507 3135 622 3195 valoris
633 3134 764 3210 modici,
782 3134 910 3195 licentio
925 3131 1088 3195 Pontidels

109 3231 152 3292 ad
167 3231 367 3292 alienandum
382 3230 548 3292 immobile
563 3233 677 3293 valoris
702 3247 766 3293 non
785 3233 913 3297 modici.
930 3267 969 3279 -
991 3230 1088 3294 3⁰·nb
1102 3237 1118 3258 ¹·

110 3329 273 3408 Episcopo
283 3346 347 3391 non
358 3330 497 3407 pendent
507 3329 610 3407 quoad
625 3328 839 3391 membrorum
850 3330 1085 3392 admissionem.

151 3424 646 3507 11.Conprepaa'onesmonalium.
663 3460 701 3474 —
716 3433 744 3490 l.
768 3429 912 3502 Quandiu
927 3446 991 3491 non
1003 3426 1088 3489 obti-

139 3611 174 3676 (1)
190 3611 311 3664 Analecta
323 3612 390 3674 juris
399 3612 520 3675 pontificii
533 3632 540 3664 a
551 3613 601 3664 Dee
611 3612 808 3678 congregatione
819 3611 966 3678 repetiens.
