2604 4264
459 287 533 332 PARS
553 287 717 334 SPECIALIS.
1022 287 1069 334 lat

99 408 149 464 tur
163 409 199 466 ut
209 405 315 484 judici
330 405 489 465 assideant
504 421 641 482 eumque
651 405 791 466 consiliis
807 405 971 484 adjuvent3
992 406 1078 466 unde

99 501 194 562 etiam
211 502 373 563 consiliunt
384 505 546 564 vocantur.
565 504 610 563 De
622 503 693 581 jure
715 503 878 566 communi
895 506 1077 566 Assessores

97 599 218 660 nullam
243 598 363 660 hahent
376 599 633 678 jurisdictionem
649 621 657 674 3
672 601 743 679 jure
762 601 867 663 tamen
893 601 1078 682 particulari

96 696 180 757 valet
196 696 372 774 Episcopus
390 695 554 774 collegiale
568 691 711 758 tribunal
722 700 927 775 constituere,
946 705 977 761 et
999 699 1076 761 Olfi-

97 793 173 854 ciali
191 795 369 854 Assessores
391 792 560 871 assignare,
594 811 729 871 quorum
752 796 886 856 consilia
914 802 1075 875 sequatur.

96 892 148 949 An
176 895 277 951 autem
306 889 337 949 id
361 889 519 967 expediat,
541 908 559 950 a
589 890 835 953 circumstantiis
854 893 1022 972 regionum
1045 899 1076 957 et

95 991 279 1066 temporum
295 986 434 1066 pendere
446 985 571 1048 videtur
590 987 644 1068 (l).
664 988 764 1067 Igitur
778 996 882 1066 errant
898 992 951 1068 qui
965 996 1079 1071 putant

96 1083 333 1146 Officialitatem
359 1082 507 1161 Episcopi
529 1085 680 1163 componi
698 1103 791 1165 posse
817 1092 848 1148 et
872 1087 988 1149 debere
1003 1089 1076 1167 plu·

95 1181 185 1243 ribus
202 1180 365 1261 jndicibus
380 1181 553 1259 perpetuis.

138 1278 299 1339 Promotor
321 1295 431 1338 causas
453 1277 598 1356 publicas
625 1279 663 1340 ad
691 1297 897 1343 communem
923 1281 1076 1344 Ecclesia

95 1376 267 1437 utilitatem
291 1379 468 1454 spectantes
482 1377 626 1456 suscipit,
642 1377 710 1438 illas
725 1396 834 1440 coram
852 1380 962 1458 judice
979 1397 1017 1441 ex
1032 1380 1076 1440 of-

93 1470 174 1533 ficio
195 1471 411 1549 prosequitur;
436 1465 521 1533 unde
548 1490 614 1534 non
637 1474 741 1534 solnm
765 1482 813 1537 est
836 1477 1076 1553 quodammodo

92 1569 283 1642 advocatus,
299 1569 350 1628 sed
371 1569 467 1629 etiam
490 1574 589 1644 actor,
606 1569 691 1647 quod
713 1569 916 1647 potissimum
928 1569 960 1630 in
974 1569 1076 1631 causis

70 1709 75 1726 .
93 1663 316 1726 criminalibus
342 1665 475 1727 obtinet.
495 1667 693 1745 Quapropter
717 1667 815 1745 ipsius
830 1673 877 1728 est
899 1667 1075 1747 disciplinae

94 1762 331 1824 observantiam
344 1779 541 1842 promovere,
558 1765 597 1824 de
623 1764 746 1825 delictis
769 1764 1011 1827 occurrentibus
1023 1764 1074 1826 in-

93 1859 234 1939 quirere,
247 1860 468 1940 delinquentes
482 1861 684 1940 adjudicium
700 1862 824 1924 trahere
841 1867 872 1924 et
885 1863 1074 1925 sententiam
1177 1941 1179 1944 Ι

93 1970 269 2032 requlrere.
840 2004 842 2012 s

133 2052 358 2113 Promotorem
379 2051 531 2131 adjuvare·
555 2055 660 2129 potest
680 2049 851 2111 Adcocotos
874 2050 984 2132 fiscalis
1007 2052 1075 2131 (per

94 2149 210 2209 fiscum
234 2148 423 2227 intelligitur
447 2147 568 2210 bonum
594 2148 785 2228 publicum).
809 2151 880 2230 lpse
907 2151 1075 2211 Promotor

93 2245 310 2319 constituitur,
331 2263 371 2306 ne
383 2247 482 2325 judex
507 2248 600 2308 simul
622 2252 711 2309 actor
736 2265 803 2309 esse
826 2248 981 2310 videatur.
1007 2245 1074 2307 Nisi

92 2342 342 2406 constitueretur
355 2344 387 2403 in
400 2345 542 2422 qualibet
556 2345 643 2407 curia
654 2345 836 2425 episcopali,
852 2346 988 2425 plurima
1011 2345 1074 2406 ori·

93 2445 205 2503 rentur
232 2442 452 2515 incommoda;
482 2442 641 2520 siquidem
667 2459 770 2504 causae
801 2444 983 2504 criminales
1008 2459 1072 2504 non

92 2543 236 2617 possent,
261 2541 388 2602 servatis
404 2539 556 2602 ordinarii
574 2539 688 2618 judicii
706 2541 973 2618 solemnitatibus,
983 2557 1075 2619 regu·

91 2636 200 2701 lariter
222 2638 365 2718 expediri
387 2636 440 2719 (2).

493 2855 623 2917 CAPUT
647 2857 673 2915 11

302 3014 530 3074 competentia
543 3017 615 3066 fori
628 3012 857 3065 ecclesiastici.

125 3173 195 3226 Ans.
217 3152 239 3227 1ss
271 3169 421 3242 objectum
431 3171 578 3243 potestatis
588 3169 750 3241 judiciarie
763 3169 906 3226 Ecclesia.

126 3264 193 3315 Anu.
214 3259 248 3315 ll.
268 3259 467 3332 Competentia
479 3259 534 3315 lori
547 3257 731 3330 singulorum
740 3257 888 3330 judicum.

124 3447 158 3508 (1)
172 3446 200 3496 ln
211 3447 360 3498 dioecesibus
370 3446 503 3510 pontifleiae
515 3445 618 3498 ditionis
633 3447 664 3496 ab
679 3460 744 3497 anno
765 3439 821 3499 1831
838 3447 966 3509 statuitur,
981 3453 1009 3498 nt
1026 3449 1073 3506 trt-

90 3525 172 3576 bunol
182 3526 319 3576 criminale
331 3526 470 3576 Ordinante
485 3529 510 3576 et
520 3529 634 3592 quotuor
644 3525 706 3576 aliis
712 3526 850 3591 judicibus
862 3529 964 3578 constet.

126 3607 162 3666 lt)
173 3605 260 3666 ltouix,
273 3605 305 3654 de
314 3605 430 3668 tudiciis,
441 3621 499 3672 pars
511 3607 543 3671 11,
555 3622 613 3672 cap,
623 3620 680 3657 xrv.
