2604 4264
460 281 534 336 PARS
554 289 718 338 senciens,
1025 285 1078 333 lta

135 407 273 472 Scilicet
286 405 446 486 Episcopi,
463 412 581 486 praeter
595 397 718 470 reatum
729 405 830 486 gravis
843 404 977 486 peccati,
992 405 1082 465 fruo-

91 513 161 582 tuS,
179 507 324 585 quandiu
339 505 463 582 absunt,
479 506 585 566 nullos
603 505 783 589 acquirunt.
802 505 978 583 Episcopus
995 503 1079 562 ultra

91 621 221 666 annum
238 603 415 666 absentiam
435 604 624 682 protrahens
639 621 656 664 a
672 603 875 681 Metropolitas
894 599 1080 662 denuntian-

92 704 161 764 dus
178 707 236 765 est.

140 799 299 862 Similiter
315 799 448 878 parochi
470 817 534 861 non
551 799 728 862 residentes
745 801 878 886 peccant
894 797 1030 877 graviter
1047 799 1079 857 et

93 886 225 960 frv'rctus
241 915 308 958 non
326 895 447 958 faciunt
463 914 546 958 suos.
570 896 602 958 Si
617 913 675 974 per
690 893 830 956 edictum
849 894 948 970 citati,
971 900 1080 955 contu·

95 1011 210 1057 maces
224 994 356 1070 luerint,
373 993 511 1055 liberum
530 998 577 1056 cst
602 993 778 1055 Ordinariis
794 994 842 1054 vel
856 1010 913 1070 per
932 1009 1078 1054 censuras

94 1095 148 1155 vel
155 1111 218 1172 ¹per
230 1093 480 1155 subtractionem
495 1093 665 1167 fructuum,
680 1092 728 1153 vel
739 1109 796 1170 per
806 1091 1016 1169 privationem
1026 1108 1079 1152 eos

98 1191 309 1268 compellere.

140 1290 249 1349 Poenae
263 1287 404 1349 mitiores
420 1292 530 1349 contra
542 1285 712 1348 canonicos
725 1286 949 1348 decernuntur.
966 1287 1077 1362 Iidem,

97 1387 126 1446 si
145 1387 231 1447 ultra
251 1391 378 1463 tempus
393 1383 452 1445 sibi
474 1401 660 1446 concessum
679 1383 793 1459 absint,
818 1383 922 1460 primo
936 1402 1019 1446 anno
1032 1384 1081 1444 di-

99 1483 242 1543 midiam
256 1487 378 1560 partem
393 1482 554 1543 fructuum
569 1481 738 1554 amittunt3
758 1481 898 1542 secundo
914 1499 996 1542 anno
1013 1498 1082 1542 om-

99 1579 202 1640 nibus
214 1578 366 1640 fructibus
378 1579 549 1658 privantur.
565 1581 732 1640 Crescente
747 1579 956 1653 contumacia,
970 1583 1081 1640 contra
1099 1624 1102 1628 .

101 1694 159 1739 eos
172 1677 261 1755 juxta
278 1693 435 1738 canonum
452 1677 693 1739 constitutiones
706 1677 946 1753 procedendum
961 1680 1019 1739 est.

141 1777 194 1838 ΙΙΙ.
222 1774 326 1838 Coasce
354 1797 372 1837 o
407 1776 560 1838 residentia
583 1785 752 1838 occurentes
776 1784 982 1840 numerantur
1004 1796 1081 1856 qua-

102 1879 201 1936 tuor:
221 1874 393 1936 ohristiana
416 1873 555 1950 ebaritas,
572 1891 686 1952 urgens
701 1875 862 1949 necessitas,
881 1877 988 1938 debita
1015 1875 1080 1937 obe·
1271 1853 1277 1870 .

103 1969 229 2046 decutio,
247 1972 376 2034 evidens
390 1972 534 2034 ecclesiae
551 1973 601 2034 vel
614 1972 800 2051 reipublicae
814 1973 940 2037 utititas.

201 2183 315 2244 Qonsrro
324 2187 359 2234 2⁸.
371 2210 399 2220 -
411 2185 448 2236 Da
464 2170 597 2233 rnoninrrl
617 2197 799 2234 nnnnrrcronvu
813 2197 987 2234 roualnrrlrs.

146 2353 172 2412 l.
194 2351 341 2413 Officium
358 2350 538 2412 residentiae
553 2352 715 2430 plerisque
740 2353 902 2415 beneflciis
923 2355 1081 2416 adnexum

105 2449 250 2511 excludit
265 2449 496 2511 beneficiorum
516 2450 746 2527 pluralitatem.
765 2452 913 2529 Antiquis
930 2451 1080 2514 Ecclesiae

105 2545 228 2625 legibus
244 2545 397 2608 clericum
411 2545 445 2606 in
461 2547 594 2607 duarum
612 2547 818 2609 ecclesiarum
842 2549 1020 2628 catalogum
1034 2565 1083 2608 re-

106 2645 181 2705 lerri
194 2643 328 2705 vetitum
341 2649 430 2719 erat3
447 2644 596 2724 deinceps
612 2642 719 2721 etlam,
736 2653 905 2724 postquam
925 2643 1083 2706 ordinatio

107 2759 125 2801 a
148 2741 380 2802 beneficiorum
404 2741 573 2804 collatione
599 2744 742 2821 sejuncta
767 2749 824 2818 est,
855 2742 1083 2804 beneficiorum

108 2838 359 2902 cumulationem
377 2838 411 2898 in
426 2856 487 2898 una
500 2856 636 2918 persona
650 2857 776 2919 semper
797 2839 960 2900 abhorruit
974 2837 1084 2898 Eccle-

110 2934 165 2996 sia.
192 2937 310 2999 Verum
323 2941 397 3013 post
418 2941 523 2998 erecta
536 2936 690 2998 beneficia
709 2938 872 3016 neglectus
892 2933 1082 3009 residentia,

110 3033 311 3096 delationum
326 3033 562 3109 insufficientia,
578 3035 712 3095 ambitio
729 3039 760 3095 et
781 3032 910 3095 avaritia
930 3029 1083 3109 plurimo·

109 3147 190 3206 rum,
212 3131 346 3210 aliaeque
369 3132 521 3208 rationes,
543 3132 636 3209 plura
658 3131 812 3194 beneficia
836 3130 1015 3210 occupandi
1031 3147 1087 3190 an-

110 3244 175 3288 sam
192 3227 410 3306 praebuerunt.
530 3295 533 3303 .

148 3325 305 3386 Restitere
323 3326 452 3404 quidem
479 3323 555 3386 huic
575 3343 734 3389 canonum
758 3328 955 3407 contemptui
981 3325 1088 3390 Ponti·

110 3425 183 3486 lices
199 3428 231 3485 et
245 3424 383 3485 concilia
401 3430 467 3486 tam
487 3423 645 3504 generalia
666 3444 759 3506 quam
786 3426 996 3506 particularia.
1021 3425 1084 3487 Sed

110 3539 213 3602 neque
238 3521 451 3584 conciliorum
473 3525 617 3585 Lateran.
643 3526 685 3586 Ill
712 3523 803 3604 et'lV
824 3528 963 3601 decreta,
982 3538 1086 3601 neque

111 3620 302 3684 Pontificum
323 3620 566 3684 constitutiones
594 3623 685 3696 malis
708 3624 888 3689 inveteratis
916 3619 1087 3686 efficaciter

939 3737 987 3784 10.
