2590 4262
248 294 300 340 232
413 292 568 338 uxroslrro
591 290 769 336 unruoulca
790 291 873 336 JURIS
894 292 1057 338 canumet.

591 503 617 552 3.
632 502 669 552 De
682 499 815 550 schismate
832 500 874 563 (1).

284 684 308 743 Ι.
320 680 465 744 Schisma
475 685 524 742 est
538 679 688 744 discessio
698 680 738 741 ab
746 679 897 744 Ecclesia.
913 681 993 742 Cum
1004 681 1129 742 Sancta
1137 681 1221 742 Sedes

246 779 287 842 sit
300 784 444 842 centrum
459 777 588 840 unitatis
613 776 791 853 catholicae,
807 776 1012 838 schismaticus
1034 775 1155 838 dicitur
1168 778 1218 854 ille,

245 877 299 955 qui
312 878 446 939 Summo
470 873 615 937 Pontifici
639 874 778 948 subesse,
799 880 831 936 at
845 875 1001 936 membris
1019 875 1175 936 Ecclesia
1184 877 1220 936 illi

244 973 395 1052 subjectis
421 973 660 1035 communicare
682 970 799 1033 renuit.
839 971 941 1032 Seusu
969 969 1084 1032 minus
1112 970 1218 1046 stricto,

245 1069 439 1132 schismatici
459 1070 556 1132 etiam
572 1074 805 1148 nuncupantur,
820 1069 928 1150 quise
942 1068 981 1129 ab
999 1067 1168 1148 Episcopo
1184 1086 1220 1130 sc

249 1175 371 1249 parant.

283 1280 493 1359 Distinguitur
510 1276 636 1338 schisma
647 1277 707 1336 siae
718 1275 833 1352 taraci,
850 1282 881 1340 et
901 1277 1028 1338 scba'sma
1046 1297 1118 1338 cum
1134 1277 1221 1338 barca

243 1377 439 1457 conjunctam.
454 1373 612 1451 Equidem
627 1373 822 1436 schismatici
843 1376 973 1455 proprie
996 1393 1068 1436 non
1081 1378 1155 1435 sunt
1166 1374 1216 1434 ha·

243 1474 345 1548 retici,
360 1471 665 1551 quandiuintegram
676 1470 861 1551 relinquunt
871 1471 1025 1533 Ecclesiae
1037 1469 1215 1534 doctrinam.

243 1573 361 1632 Verum
385 1568 524 1629 schisma
539 1568 728 1648 plerumque
742 1586 834 1630 suam
851 1569 948 1630 trahit
973 1568 1143 1642 baeresim,
1165 1569 1214 1628 sire

242 1666 315 1744 quia
327 1663 520 1728 schismatici
535 1666 620 1727 lacto
636 1665 705 1744 ipso
718 1668 909 1745 profitentur
927 1667 1114 1728 Ecclesiam
1133 1663 1214 1726 dividi

242 1778 346 1840 posse,
370 1762 434 1825 sive
456 1763 532 1840 quia
554 1761 616 1824 sibi
643 1765 766 1844 fingunt
794 1781 951 1840 errorem,
974 1771 1012 1826 ut
1037 1765 1139 1844 justas
1162 1779 1212 1824 sua

241 1859 442 1922 discessionis
457 1854 567 1922 causas
582 1858 700 1922 habere
712 1861 889 1924 videantur.

279 1971 317 2032 Il.
337 1969 440 2031 Poenae
459 1977 562 2030 contra
582 1970 781 2032 schismaticas
795 1971 910 2033 merito
927 1974 1059 2033 statutae
1083 1972 1209 2040 suerunt;

241 2085 316 2131 nam
341 2067 463 2129 malitia
488 2068 581 2147 hujus
609 2068 751 2129 criminis
783 2069 928 2131 consistit
963 2069 996 2128 in
1038 2072 1210 2144 contemptu
1260 2065 1261 2104 ἒ

240 2166 402 2241 Ecclesia,
418 2165 509 2244 cujus
529 2166 685 2227 unitatem
700 2166 827 2228 scindit.
846 2167 963 2229 lisdem
980 2168 1050 2230 fere
1067 2166 1163 2245 poenis
1178 2179 1207 2222 ac

240 2263 383 2328 haretici
415 2263 607 2334 afficiuntur,
626 2279 744 2342 nempe
768 2265 1104 2328 excommunicatione
1128 2265 1206 2339 Papa

239 2365 406 2435 reservata,
427 2359 627 2423 inhabilitate
643 2364 682 2423 ad
699 2363 804 2425 officia
818 2363 978 2440 Ecclesia,
997 2369 1032 2426 et
1044 2359 1204 2442 privatione

237 2457 478 2538 jurisdictionis,

277 2573 342 2634 Etsi
354 2572 569 2635 ordinationes
582 2575 674 2636 factae
684 2575 724 2636 ab
735 2575 887 2655 episcopo
899 2575 1103 2640 schismatico
1115 2572 1201 2636 valide

238 2675 433 2745 consecrato,
451 2671 563 2732 validae
583 2671 658 2749 sint,
684 2679 791 2736 tamen
813 2673 1157 2752 habentursacrilcgae,
1176 2671 1202 2728 el

238 2765 458 2830 sicordinatus
473 2785 644 2848 suspensus
662 2777 719 2833 est.
1103 2776 1106 2781 ’

277 2877 330 2940 ΙΙΙ.
348 2875 579 2941 Commum'catt'o
596 2901 661 2942 cam
680 2881 869 2943 schismaticis
884 2883 917 2942 in
934 2882 1050 2945 divinis
1069 2873 1199 2964 prohibe·

237 2976 288 3034 tur
311 2973 426 3037 iisdem
459 2975 576 3056 regulis
608 2995 645 3040 ac
667 2979 916 3041 communicatio
937 2997 1011 3040 cum
1037 2971 1192 3040 haereticis.

237 3070 394 3151 Tempore
418 3076 667 3152 perturbationis
696 3076 814 3154 Galliae,
830 3083 865 3140 ut
893 3078 1011 3156 regulae
1033 3064 1195 3156 hujusmodi

237 3174 323 3231 recte
336 3173 583 3251 applicarentur,
599 3175 674 3236 Pius
689 3175 730 3238 VI
741 3174 835 3253 jussit
856 3174 924 3236 dari
938 3173 1112 3254 Episcopis‚
1126 3181 1195 3247 pres·

237 3263 353 3346 hyteris
375 3272 566 3336 etddelibus
588 3271 832 3336 instructionem
859 3280 1018 3349 exaratam
1036 3261 1196 3351 superqui-

234 3470 310 3520 tiouis
332 3473 415 3522 Sancti
439 3476 519 3527 Officii
541 3479 608 3541 apud
632 3481 736 3544 Giraldi,
758 3481 891 3544 Ecpositio
911 3480 985 3545 juris
1011 3475 1145 3544 pontificii,
1168 3467 1193 3518 td

235 3551 275 3601 dt
286 3560 373 3614 xxxix,
384 3553 429 3603 lib.
444 3556 464 3604 V
476 3557 653 3610 Decretaliam.

265 3631 299 3698 (l)
314 3633 485 3686 Decastadium
497 3637 541 3688 lib.
558 3639 586 3701 V,
599 3639 641 3690 tit.
660 3651 718 3702 vlu,
729 3639 761 3690 de
773 3640 959 3692 Schismaticis.
