2618 4252
497 277 570 321 'PARS
593 276 756 326 sentibus

259 502 283 550 1.
298 501 333 549 De
346 498 550 549 conventionibus
564 498 631 548 inter
646 490 781 547 Ecclesiam
792 503 818 546 ot
831 499 929 547 Statum
942 496 986 560 (1).

173 669 199 730 l.
225 668 424 730 concordata
443 667 527 728 inter
538 665 714 727 Ecclesiam
730 670 763 727 et
783 665 969 727 societatem
984 666 1110 727 civilem

133 766 366 830 catholicorum
375 784 438 826 non
447 765 684 844 aequiparantur
698 763 811 824 notibus
824 763 1107 826 internetionolr'bus.

132 864 260 926 Etenim
275 863 517 925 Catholicismus
536 868 583 924 est
597 862 781 923 universalis
796 857 931 924 societas
945 880 1016 941 quae
1033 879 1110 940 gen·

132 963 180 1018 tes
203 957 261 1018 sub
285 974 348 1017 uno
372 955 479 1016 divino
490 956 561 1033 jure
585 959 616 1016 et
634 955 738 1033 capite
763 955 1001 1033 complectitur,
1019 955 1063 1016 ita
1077 963 1109 1016 nt

131 1052 193 1131 ipsi
209 1053 368 1132 principes
380 1052 471 1117 ¹intra
486 1051 662 1112 Ecclesiam
681 1052 755 1114 sint.
778 1053 926 1114 Summus
950 1051 1106 1126 Pontifex,

131 1149 280 1210 fidelibus
290 1149 470 1210 communis
481 1154 589 1227 pastor
599 1165 635 1210 ac
648 1154 749 1227 pater,
763 1166 827 1209 non
839 1149 1049 1226 appellandus
1061 1154 1109 1210 est

134 1251 311 1319 extraneus,
342 1246 501 1324 siqnidem
529 1245 563 1306 in
593 1244 739 1324 gentibus
769 1245 934 1307 catholicis
961 1244 1107 1325 religiosa

130 1342 315 1405 autonomia
329 1343 362 1403 in
377 1343 566 1404 Pontificem
577 1348 608 1405 et
619 1343 795 1404 Ecclesiam
806 1343 882 1422 fingi
894 1343 1021 1422 nequit;
1032 1345 1108 1405 alio
1171 1335 1177 1343 ’
1196 1359 1197 1364 ’

129 1441 208 1520 quin
234 1457 272 1502 eo
307 1440 378 1519 ipso
409 1440 573 1502 vinculum
602 1440 732 1502 unitatis
764 1445 859 1519 atque
889 1440 1104 1504 universitatis

128 1539 384 1616 abrumperetur.

168 1637 214 1696 Er
234 1636 295 1695 ista
320 1634 450 1696 sublimi
476 1634 641 1696 catholicae
668 1621 1100 1714 religionisuniversalitate,

129 1737 216 1811 patet
231 1732 355 1813 quaesit
368 1733 492 1794 Summi
508 1731 680 1806 Pontilicis,
693 1751 764 1810 quaa
774 1732 960 1813 principum
971 1750 1107 1813 persona

128 1832 161 1892 in
177 1830 378 1892 concordatis
392 1830 551 1891 ineundis.
565 1831 621 1891 llle
638 1835 739 1909 pater,
756 1831 788 1891 hi
811 1831 867 1892 filii
887 1851 895 1892 :
920 1832 1002 1892 inter
1027 1849 1106 1909 quos

127 1928 300 1989 familiares
321 1927 477 1988 hahentur
502 1927 682 2002 relationes,
703 1945 768 1989 non
790 1927 926 1990 nationis
950 1930 990 1989 ad
1004 1928 1106 1989 natio-

127 2043 214 2086 nem.
232 2027 314 2086 Dum
328 2025 412 2086 enim
430 2043 468 2086 ex
477 2025 548 2103 jure
567 2025 701 2103 politico
712 2026 857 2088 nationes
869 2023 1017 2105 plurimae
1031 2043 1106 2087 con-

127 2124 313 2197 stituuntur,
330 2140 368 2183 ex
377 2122 448 2200 jure
463 2121 580 2198 divino,
596 2123 741 2183 humanis
757 2123 912 2184 limitibus
925 2121 1102 2199 expunctis,

128 2238 189 2281 una
210 2221 245 2282 bt
264 2219 409 2281 societas.
427 2221 490 2279 Nos
507 2235 581 2280 vero
605 2219 756 2295 fallimur,
774 2220 851 2280 dnm
872 2217 1019 2297 politicas
1041 2220 1105 2280 dis-

125 2317 297 2379 tinctiones
310 2317 360 2378 vel
375 2315 604 2394 Anglieanismi
620 2333 744 2378 errores
758 2317 797 2376 ad
813 2317 990 2378 Ecclesiam
1007 2334 1103 2379 unam
1173 2347 1178 2352 ·

127 2419 159 2474 et
173 2413 381 2474 universalem
399 2415 628 2479 transierimus.

166 2511 207 2571 ΙΙ.
231 2513 380 2572 Attamen
402 2528 475 2572 cum
499 2511 640 2573 Ecclesia
658 2509 700 2569 sit
717 2509 850 2572 societas
873 2512 1012 2591 publiea,
1035 2511 1104 2592 ipsa

123 2611 232 2687 potest
245 2624 320 2668 cum
333 2607 538 2669 societatibus
550 2605 695 2671 civilibus
705 2608 902 2668 connectiones
915 2607 1006 2669 inire.

275 2802 299 2880 ’ἓ
320 2817 344 2869 3.
364 2845 392 2856 -
410 2815 514 2886 Duplex
531 2817 763 2871 concordatorurn
780 2817 890 2871 indoles
908 2817 952 2882 (t).

166 2985 364 3048 concordata
381 2987 439 3048 sub
464 2987 583 3066 duplici
609 2990 741 3066 aspectu
763 2985 1025 3047 considerantur:
1051 2983 1100 3045 rel

113 3083 210 3143 'enim
232 3084 420 3163 respicimus
441 3085 583 3164 ipsorum
602 3091 741 3144 notorem
755 3082 954 3158 intrinsecum,
966 3081 1013 3143 vel
1028 3081 1102 3142 illo·

124 3198 197 3243 rum
213 3181 342 3262 formum
354 3183 559 3243 ectrr'nseeom.

163 3279 187 3339 I.
205 3280 254 3339 Ad
269 3285 415 3342 naturam
430 3277 634 3341 intrinsecam
658 3279 744 3357 quod
767 3277 894 3353 attinet,
910 3276 1101 3337 concordata

153 3459 189 3517 (il
205 3459 315 3522 incisio,
328 3459 400 3508 luris
415 3462 513 3508 noturoe
526 3461 552 3508 et
562 3459 675 3523 centium
687 3456 865 3521 fundamento,
882 3455 926 3506 lib.
942 3455 986 3518 lll,
999 3455 1038 3505 tit.
1054 3467 1098 3504 111.

153 3535 187 3596 (2)
201 3535 293 3600 Soglia,
310 3537 477 3588 institutiones
481 3536 555 3600 juris
571 3535 672 3600 publici
692 3533 867 3595 ecelesiastici,
883 3546 943 3595 pers
954 3533 974 3593 1,
987 3545 1044 3593 cap.
1061 3544 1096 3593 nr,

120 3613 136 3674 ἓ
148 3618 190 3663 (iil.
