2590 4262
462 236 535 281 runs
556 234 718 282 srucrnns.
853 220 856 227 '
1023 237 1074 285 ror

138 353 260 416 Priora
277 352 346 432 lege
368 349 524 430 procedit,
550 356 704 430 quatenus
727 353 760 413 in
783 353 959 416 canonibus
970 355 1075 434 expri-

98 452 211 514 mitur.
229 452 300 529 Ipsa
320 448 476 532 dividitur¹
492 447 525 508 in
544 451 801 532 praesumptionem
814 452 893 532 juris
905 460 1030 529 tactum,
1046 457 1078 514 et

96 552 134 612 iu
143 548 403 632 presumptionem
407 546 491 627 juris
506 553 534 607 et
545 545 580 606 de
590 547 670 627 jure.

140 645 354 724 Praesumptio
359 644 443 726 juris
456 651 571 704 tantum
586 648 634 705 est
647 661 718 722 quae
736 661 752 705 a
768 643 890 724 legibus
903 644 946 707 ita
961 646 1077 725 proba-

95 750 155 806 tur
168 748 204 805 ut
216 742 277 806 rim
291 743 395 822 plenae
410 739 607 822 probationis
619 739 745 817 habeat,
763 742 866 804 donec
884 741 1078 805 contrarium

100 843 358 914 demonstretur;
382 860 414 902 v.
440 858 470 918 g.
495 855 533 900 ex
557 839 757 917 possessione
781 841 986 918 praesumitur
1011 858 1080 903 rem

101 955 173 1000 esse
194 937 396 1017 possidentis,
421 937 523 998 donee
543 935 635 998 aliter
655 938 912 1013 demonstretur;
937 939 1022 999 filius
1046 938 1079 999 in

102 1034 310 1098 matrimonio
328 1040 421 1096 natus
445 1034 649 1112 praesumitur
668 1032 839 1114 legitimus.
867 1033 1078 1113 Praesumptio

90 1134 180 1215 juris
192 1140 222 1194 et
235 1132 354 1213 dejure
373 1136 429 1208 est,
454 1149 524 1211 quae
538 1132 639 1209 alege
664 1129 707 1192 ita
729 1134 944 1206 confirmatur,
963 1136 1079 1194 utnon

100 1231 200 1292 modo
221 1229 286 1291 vim
311 1228 413 1307 plenae
435 1225 632 1306 probationis
658 1226 785 1304 habeat,
813 1228 868 1289 sed
894 1227 1080 1305 regulariter

102 1326 297 1390 contrariam
311 1323 531 1405 probationem
546 1342 610 1386 non
622 1324 780 1386 admittat.

144 1421 490 1501 Praesumptioliominis
504 1426 552 1483 est
565 1421 758 1499 conjectura,
784 1439 879 1499 quam
897 1421 996 1500 judex
1018 1422 1081 1484 ool·

105 1522 182 1601 ligit
200 1538 238 1582 ex
252 1518 504 1581 circumstantiis.
519 1517 675 1580 Dividitur
688 1519 722 1579 in
736 1519 836 1595 leuem,
854 1519 1037 1601 probabilem
1051 1524 1083 1582 et

104 1617 274 1679 violentem.
299 1616 506 1698 Praesumptio
531 1617 606 1678 levis
626 1615 707 1680 nihil
723 1617 849 1694 probat.
872 1616 1082 1695 Praesumptio

106 1714 294 1796 probabilis,
308 1733 345 1778 ex
359 1714 504 1793 gravibus
519 1713 645 1776 indiciis
660 1718 738 1790 orta,
757 1715 963 1792 semiplenam
986 1713 1083 1773 tidem

61 1861 63 1866 .
107 1813 194 1876 facit.
225 1812 434 1890 Praesumptio
459 1811 597 1876 violenta
618 1830 674 1874 seu
697 1812 867 1874 vehemens
891 1829 928 1872 ex
956 1807 1084 1871 indiciis

108 1909 230 1972 veritati
256 1908 408 1988 proximis
427 1909 580 1986 nascitur;
598 1910 691 1988 plene
706 1908 831 1988 probat,
849 1907 1005 1988 siquidem
1018 1924 1084 1969 mo·
1177 1910 1178 1914 ’

107 2007 217 2070 raliter
229 2023 294 2068 non
304 2007 456 2086 relinquit
468 2008 613 2070 dubium.
628 2009 702 2068 Plus
716 2011 845 2086 prestat
857 2004 999 2068 incausis
1011 2004 1084 2075 civi·

106 2104 203 2180 libus,
219 2122 314 2183 quam
327 2105 360 2165 in
375 2104 592 2167 criminalibus
605 2127 612 2181 ;
629 2106 710 2168 ratio
724 2110 781 2182 est,
797 2106 871 2185 quia
886 2122 978 2184 poena
999 2101 1086 2182 oapi-

106 2200 182 2264 talis
207 2219 269 2263 non
287 2208 334 2264 est
350 2203 521 2283 infligenda
545 2203 605 2266 nisi
629 2208 761 2282 propter
779 2203 934 2266 delictum
953 2199 1085 2264 omnino

106 2303 233 2362 eertum
249 2298 302 2378 (l).

149 2400 180 2458 6.
204 2397 420 2480 Josjuroadum
439 2402 487 2460 est
504 2397 646 2459 invocatio
668 2398 761 2460 diuini
776 2399 899 2460 nominis
914 2399 944 2460 in
957 2399 1086 2460 testimo·

107 2496 199 2571 niam,
217 2497 265 2559 rel
283 2498 323 2557 ad
346 2495 510 2558 veritatem
529 2498 743 2574 asserendam,
766 2500 815 2560 vel
838 2500 878 2560 ad
897 2496 1084 2577 promissio-

108 2611 185 2656 nem
213 2595 415 2656 firmandam.
435 2593 574 2656 Licitum
588 2599 645 2668 est,
673 2595 698 2655 si
719 2595 834 2657 habeat
852 2601 915 2657 tres
938 2592 1084 2666 comites,

109 2708 227 2774 nempe
236 2691 412 2766 veritatem,
421 2689 579 2770 judicium
592 2698 624 2754 et
632 2692 798 2773 justitiam.
807 2693 868 2755 Ubi
878 2709 935 2770 per
945 2687 1087 2767 exposita

109 2788 337 2868 probationum
349 2805 463 2865 genera
476 2787 589 2850 veritas
602 2794 767 2868 comperta
783 2806 848 2850 non
871 2786 976 2868 luerit,
995 2783 1085 2844 adhi-

109 2883 180 2945 beri
194 2891 301 2964 potest
311 2886 526 2964 juramentum
539 2885 572 2946 in
589 2888 690 2949 causis
705 2885 861 2961 civilibus,
881 2901 947 2944 non
961 2879 1039 2943 item
1054 2879 1087 2939 in

109 2981 329 3044 criminalibus
344 2990 475 3062 propter
489 2990 611 3046 metum
624 2983 766 3062 perjurii.

152 3079 310 3142 Dividitur
318 3081 352 3140 in
365 3081 555 3142 assentorium
569 3086 601 3143 et
618 3078 847 3161 promissorium.
867 3077 884 3140 J
889 3079 1088 3136 uramentum

109 3179 328 3255 assertorium,
346 3185 408 3257 quo
431 3179 502 3241 lites
521 3177 725 3253 dirimuntur,
741 3182 788 3238 est
802 3176 850 3237 vel
868 3172 1091 3256 ectrojudiczule

110 3274 160 3334 vel
176 3274 329 3355 judiciale.
353 3274 596 3355 Extrajudioiale
616 3292 685 3336 reru
707 3272 873 3352 componit
886 3290 943 3351 per
958 3272 1089 3333 modum

110 3371 353 3448 transactionis;
368 3372 519 3453 Judiciale
533 3388 608 3434 vero
623 3373 741 3451 duplex
755 3375 812 3445 est,
829 3387 945 3449 nempe
961 3371 1091 3431 volunta·

143 3574 176 3636 (l)
188 3573 357 3624 Deerelcliuor
373 3575 415 3623 lib.
432 3575 465 3635 Il,
478 3574 516 3624 tit.
533 3589 606 3636 xxur,
621 3574 653 3625 de
665 3571 909 3636 Praesumplionz'tcs.
