2604 4264
211 245 263 294 tla
329 237 335 253 ⁶
384 202 542 290 nxrosrmo
562 241 740 288 unruoolca
760 240 843 287 tunrs
865 239 1021 286 canoamr.

209 362 331 426 cumbit
343 365 466 425 tantum
480 359 631 438 obligatio
646 356 847 437 persolvendi
862 355 1006 418 officium
1024 354 1196 429 divinum;
1277 329 1278 340 ἵ

210 461 255 523 eis
276 463 482 533 accensentur
500 456 711 519 canonicatus.
734 456 884 527 Ouaedam
900 453 1023 514 axillis
1035 469 1101 514 non
1115 469 1199 530 pos·

210 561 312 622 tulant
322 557 536 620 residentiam.

249 655 394 735 Duplicia
412 655 583 734 specialem
601 651 738 730 aliquam
755 649 941 730 qualitatem
958 665 1113 709 annexam
1132 648 1197 710 ha-

197 754 300 816 'hent
316 755 385 814 Huc
397 753 557 832 pertinent
569 752 604 811 in
621 749 768 829 capitulis
787 747 942 828 deqnitotes
957 747 1080 808 ratione
1093 745 1194 826 juris-

102 861 111 878 ⁶
213 843 1195 928 dictioniS,persoautusrationepraeemidcntiae,officieratione

211 945 507 1019 administrationis,
526 945 558 1004 in
573 942 734 1024 parochiis
754 959 828 1006 vero
844 941 1102 1024 beneficiueurotc
1120 960 1195 1020 quae

213 1059 321 1104 curam
335 1042 513 1104 animarum
526 1040 656 1102 hahent.

249 1140 288 1201 ll.
305 1140 458 1219 Inspectis
473 1129 616 1216 personis
636 1136 873 1198 conferentibus
892 1136 1078 1198 dividuntur
1096 1137 1131 1196 in
1145 1155 1197 1196 re-

211 1243 336 1313 seruata,
352 1252 488 1315 quorum
501 1234 628 1296 collatio
642 1235 683 1294 ad
696 1237 733 1295 R.
747 1235 935 1296 Pontificem
948 1234 1099 1313 pertinet,
1116 1238 1148 1294 et
1163 1233 1197 1292 in

218 1333 353 1415 beneficae
362 1340 585 1406 accrescente,
594 1348 730 1411 quorum
744 1333 872 1396 collatio
883 1329 1197 1394 Praelatisinferiori·

213 1433 273 1494 ltus
285 1431 397 1492 relicta
411 1435 469 1492 est.
808 1483 813 1489 .

253 1530 306 1590 ΙΙΙ.
324 1527 457 1588 Ratione
471 1543 677 1604 personarum
692 1525 804 1606 quibus
818 1513 1033 1602 conferuntur,
1050 1527 1113 1588 alia
1122 1531 1197 1588 sunt

213 1625 363 1705 repuleris
380 1642 451 1703 quae
465 1622 540 1686 solis
554 1622 771 1704 Regularihus,
787 1623 849 1684 alia
859 1623 1016 1684 saecularia
1030 1642 1102 1702 quae
1117 1624 1196 1686 reli-

216 1723 286 1804 quis
299 1722 423 1784 clericis
434 1722 651 1784 conferuntur.
663 1723 699 1782 In
714 1721 812 1783 dubio
823 1721 981 1783 beneficia
993 1739 1197 1801 praesumun-

213 1827 265 1884 tur
279 1837 346 1882 esse
356 1819 528 1913 saecularia.
544 1818 787 1896 Regulariatum
802 1835 839 1879 ex
856 1817 1054 1895 fundatione,
1074 1824 1144 1881 tum
1158 1837 1198 1882 ex
1277 1829 1278 1850 ¹

215 1917 444 1979 consuetudine
464 1917 731 1992 demonstrantur.
1277 1973 1278 1998 ἒ

254 2014 306 2075 lv.
323 2015 369 2074 Ex
383 2013 505 2073 diversa
520 2011 705 2073 conferendi
722 2011 857 2086 ratione,
875 2010 1060 2072 dividuntur
1076 2011 1152 2072 incl
1183 2045 1196 2058 ·
1277 2008 1278 2068 l

219 2109 289 2183 tivo,
309 2117 471 2190 patronatu
501 2114 533 2171 et
560 2108 704 2170 collativo.
730 2108 898 2170 Eleaticum
921 2125 978 2186 per
1003 2109 1198 2170 electionem

217 2207 360 2285 capituli,
385 2208 556 2269 accedente
575 2206 752 2286 Superioris
776 2206 1031 2283 confirmatione,
1062 2207 1198 2285 acquiri·
1277 2193 1278 2252 ἶ

216 2309 285 2378 tur;
303 2311 493 2384 patronatum
513 2320 570 2382 per
590 2303 741 2382 praeviam
761 2302 885 2382 patroni
903 2304 1194 2381 praesentationem,
1277 2337 1278 2354 2

217 2407 249 2464 et
262 2400 507 2479 subsequentem
523 2399 673 2478 Episcopi
689 2400 922 2462 institutionem
942 2400 1121 2478 obtinetur;
1137 2401 1197 2461 eol-

217 2499 338 2560 lutioum
351 2516 408 2577 per
422 2498 555 2560 liberam
571 2497 750 2576 Superioris
768 2497 973 2560 collationem
996 2499 1064 2561 sinc
1082 2501 1197 2578 praevia

217 2599 373 2660 electione
387 2597 435 2658 vel
450 2595 576 2656 alterius
591 2595 837 2673 praesentatione
852 2597 1023 2657 confertur.

204 2716 206 2720 ·
256 2696 293 2757 V.
306 2693 439 2755 Ratione
451 2691 682 2771 perpetuitatis
701 2691 884 2753 dividuntur
897 2693 931 2752 in
946 2692 1081 2753 titularis
1094 2697 1126 2756 et
1136 2714 1197 2754 mo-

165 2820 166 2823 *
217 2791 328 2854 uuulr'o.
351 2790 481 2851 Titulure
498 2791 660 2851 confertur
676 2790 711 2850 in
732 2790 860 2850 titulum
879 2795 1084 2870 perpetuum,
1104 2791 1149 2851 ita
1164 2797 1198 2852 ut

219 2890 285 2951 sine
298 2905 391 2952 causa
400 2889 471 2968 Jure
490 2904 637 2967 expressa
657 2892 795 2966 nequeat
815 2888 946 2962 auferri;
964 2889 1099 2950 manuale
1125 2905 1196 2950 vero

218 2985 381 3048 confertur
395 2983 626 3046 revocabiliter.

258 3083 292 3142 In
308 3081 417 3156 dubio,
438 3080 594 3142 beneficia
611 3080 774 3142 saecularia
787 3084 1024 3158 praesumuntur
1038 3099 1107 3156 esse
1119 3082 1197 3144 titu-

218 3167 391 3256 lariajuxta
403 3179 771 3256 regulamcommunem.
786 3177 944 3240 Beneficia
955 3182 1198 3258 autemregula-

218 3273 265 3334 ria
280 3278 513 3352 presumuntur
525 3292 591 3336 esse
605 3275 762 3336 manualia
774 3281 905 3355 propter
918 3282 1028 3340 votum
1045 3277 1198 3340 obedien-

219 3371 284 3434 tiae.

218 3477 222 3482 ’
258 3467 476 3531 Amovibilitas
490 3487 555 3532 non
573 3476 728 3550 repugnat
749 3469 906 3534 beneficio
930 3473 1095 3548 saeculari3
1118 3473 1197 3535 hanc

222 3567 580 3648 qualitatemacquirere
594 3575 698 3648 potest
712 3570 762 3632 vel
775 3571 804 3631 vi
813 3570 927 3650 primae
942 3589 1007 3636 suae
1022 3570 1198 3635 institutio-
