2594 4286
210 343 272 392 se·
324 305 334 332 ⁸
378 337 535 386 nxros1r1o
556 333 732 381 nnruomcr
753 333 836 380 rorrs
858 334 1013 381 ernouror.

208 459 359 527 dientiam
383 457 502 539 pendet
526 453 683 537 parochus
709 453 748 516 ah
770 451 938 534 Episcopo,
971 447 1188 532 Episcopusa

208 557 373 622 Pontifioe.

560 743 780 801 ARTIGULUS
799 743 839 798 IV

534 925 613 966 JURA
636 923 861 966 secundumn·

243 1097 259 1162 ᾗ
272 1096 297 1150 l.
311 1089 447 1148 llabilites
458 1088 649 1160 Regularium
661 1087 697 1144 ad
711 1088 813 1144 munia
826 1082 1031 1142 ecclesiastice.

243 1186 296 1252 §a
313 1178 466 1250 Privilegia
478 1177 669 1249 Regularium
682 1181 710 1234 et
723 1176 932 1247 exemptiones.

243 1276 258 1338 ς
270 1275 297 1328 3.
313 1269 503 1354 Regulorium
513 1271 561 1338 jus
573 1266 771 1323 ministerium
783 1264 951 1325 exercendi.

221 1357 224 1365 '
244 1360 298 1428 Μ.
313 1360 325 1414 l
330 1376 361 1416 us
373 1357 570 1415 Paroehcrum
583 1372 653 1428 erge
664 1355 832 1426 Regulares.

271 1579 319 1645 §t
335 1607 365 1620 -
378 1577 516 1632 nobilitas
526 1575 703 1651 Remurium
720 1576 755 1630 ad
766 1575 861 1630 munia
875 1573 1088 1639 ecclesiastice(
1104 1576 1123 1636 ).

249 1765 277 1827 1.
295 1759 497 1842 Regularium
509 1758 655 1822 habilitas
666 1761 705 1822 ad
716 1760 821 1823 officia
830 1758 1020 1822 clericorum
1030 1758 1063 1820 in
1072 1773 1188 1839 genere
1294 1779 1295 1802 r

210 1865 383 1924 constater
393 1856 587 1938 antiquitatis
597 1858 808 1935 documentis,
820 1862 992 1922 exPatrum
1003 1855 1188 1930 traditione,

210 1976 249 2020 ex
263 1955 413 2021 Ecclesiae
427 1957 517 2036 praxi
531 1962 563 2019 et
574 1955 709 2036 legibus,
727 1958 865 2032 erbullc
876 1957 1034 2018 Auctorem
1047 1955 1119 2038 fidet
1127 1971 1191 2034 qua

211 2055 283 2116 Pius
302 2058 342 2120 Vl
363 2073 487 2117 errores
507 2053 618 2136 synodi
640 2053 838 2117 Pistoriensis
851 2052 1020 2116 damnavit.
1046 2055 1116 2114 Non
1129 2069 1189 2112 no-

206 2172 273 2230 vus,
292 2155 348 2214 sed
368 2172 453 2233 saepe
477 2155 659 2216 contutatus
675 2159 723 2215 est
744 2171 834 2216 error
854 2171 966 2215 eorum
981 2150 1036 2230 qui
1057 2155 1191 2218 conten,-

212 2252 292 2320 dunt
319 2257 436 2314 statum
459 2250 644 2328 religiosum
662 2268 680 2310 a
699 2252 891 2314 clericorum
914 2248 1029 2312 muniis
1048 2247 1191 2311 alienum

212 2367 292 2412 esse.
1074 2357 1079 2367 '

252 2449 291 2509 11.
306 2447 419 2507 Munus
430 2445 611 2527 parochiale
620 2466 685 2509 non
695 2454 850 2530 repugnat
864 2447 958 2510 statui
970 2445 1129 2527 religioso.

252 2540 347 2607 Proh.
376 2545 406 2600 1⁰
427 2540 562 2618 Ratione,
585 2558 622 2602 ex
647 2548 758 2604 natura
783 2542 923 2606 muneris
946 2538 1136 2623 parochialis
1158 2542 1193 2600 et

212 2645 311 2703 status
332 2637 482 2718 religiosi.
499 2639 590 2702 Votis
615 2646 647 2703 et
667 2641 855 2721 perfectioni
877 2661 943 2704 non
966 2644 1132 2720 repugnat,
1154 2641 1191 2699 ut

211 2735 377 2818 religiosus
392 2739 562 2817 deputetur
571 2740 611 2799 ad
627 2738 873 2804 ministrandum
888 2759 926 2803 ex
938 2739 1044 2803 olficio
1058 2737 1191 2800 verbum

212 2843 244 2900 et
264 2843 462 2910 sacramenta
487 2838 608 2917 populo
633 2838 800 2919 assignato.
824 2871 864 2885 —-
884 2843 915 2901 2⁰
930 2839 1125 2915 Auctoritate,
1153 2852 1193 2896 err

211 2935 300 3014 praxi
313 2933 465 2998 Ecclesia
478 2941 509 2997 et
530 2933 671 3000 Concilio
693 2935 891 3001 Tridentino.

252 3035 362 3096 Plures
384 3031 544 3114 parochia
567 3042 641 3098 sunt
667 3035 866 3098 monasteriis
887 3035 996 3100 unitae.
1012 3069 1052 3084 —
1066 3037 1192 3117 chure

214 3131 376 3194 communi
385 3132 526 3212 antiquo,
539 3133 693 3197 beneficia
706 3140 814 3197 curata
824 3135 986 3198 saecularia
996 3135 1192 3216 regularibus

213 3231 468 3294 conterebantur.
485 3236 530 3295 De
552 3233 619 3311 jure
633 3233 802 3311 hodierno,
816 3234 906 3315 juxta
921 3234 1098 3298 decisiones
1113 3238 1192 3298 Gou-

213 3331 432 3412 gregationum
446 3349 661 3410 romanarum,
684 3332 717 3396 id
730 3333 800 3397 fieri
818 3333 928 3413 nequit
947 3333 1015 3397 sine
1029 3333 1193 3413 dispensa-

212 3429 300 3492 tione
317 3429 490 3510 pontificia,
522 3432 634 3496 saltem
659 3433 765 3513 quoad
794 3431 959 3512 religiosos
982 3439 1131 3496 votorum
1146 3449 1194 3494 so·

212 3526 381 3592 lemnium.

235 3703 277 3768 ll)
294 3704 381 3773 Bonis,
394 3704 426 3756 de
440 3702 614 3771 llepuletr'dus,
626 3721 684 3770 pers
698 3706 725 3760 v.
