2604 4264
485 319 558 364 PARS
580 319 743 366 sauciatis,
1047 321 1096 368 161

104 434 309 496 instituente
321 439 471 514 potestas,
488 436 521 496 in
535 437 710 516 recipiente
724 438 882 515 habilitas,
899 439 933 500 in
944 445 1018 502 actu
1030 439 1100 519 ipso

106 531 308 594 solemnitas
323 531 381 612 (l).

118 680 122 686 .
162 632 201 692 ΙΙ.
217 630 270 690 Jus
280 637 459 710 patronatus
478 631 650 694 innotescit
671 651 709 694 ex
724 633 808 694 illius
823 622 1018 712 definitione,
1037 635 1102 698 ori·

107 728 209 806 gine,
227 728 446 808 acquisitione,
463 728 587 809 juribus
604 735 635 792 et
654 730 840 794 amissione.

167 827 196 887 1.
222 824 305 886 Illius
330 824 470 906 definitio.
491 859 531 870 -
545 827 751 888 Praesentatio
775 833 822 889 est
844 827 1020 890 nominatio
1044 846 1100 890 seu

113 921 245 984 oblatio
263 923 387 984 idoneae
403 941 546 1001 personae
565 925 598 983 iu
612 923 802 986 heneficium
814 925 1028 988 instituendae.
1041 927 1097 989 lus

114 1023 310 1098 patronatus
321 1020 470 1082 delinitur
476 1020 736 1102 jusproesentondi
746 1021 880 1082 clericam
892 1021 1099 1084 instituendum

115 1117 164 1178 ad
178 1117 348 1198 beneficium
362 1137 477 1178 coecus.

164 1213 243 1276 Aliis
263 1214 366 1275 verbis
387 1215 510 1276 definiri
531 1219 637 1294 potest
667 1236 681 1272 n
700 1216 752 1295 jus
776 1215 998 1291 honorificum,
1025 1232 1101 1277 one-

118 1329 235 1373 rosum
250 1316 283 1372 et
296 1311 385 1386 utile,
408 1317 592 1390 competens
603 1313 698 1374 alicui
711 1313 744 1371 in
759 1313 901 1387 ecclesia,
919 1328 1015 1390 quam
1026 1312 1101 1390 Epi-

121 1410 381 1487 scopiuonsensu
396 1409 549 1484 fundavit,
566 1410 753 1484 construxit,
769 1413 824 1471 aut
838 1411 970 1472 dotavit.
985 1432 999 1469 r

164 1507 337 1584 Utriusque
348 1501 543 1568 definitionis
558 1507 639 1568 ratio
647 1513 705 1582 est,
714 1507 786 1587 quia
796 1509 847 1588 jus
859 1512 1043 1585 patronatus
1054 1511 1102 1568 est

122 1605 313 1682 complexus
330 1604 448 1682 jurium
473 1608 504 1666 et
518 1604 707 1680 officiorum,
723 1622 859 1683 quorum
878 1604 1102 1697 prestantissi-

122 1718 216 1762 mum
239 1705 286 1762 est
308 1701 440 1762 facultas
464 1702 690 1780 praesentandi,
717 1703 777 1780 piis
801 1702 1021 1764 fundatoribus
1047 1707 1102 1764 aut

121 1797 192 1859 aliis
208 1815 247 1859 ex
261 1799 366 1859 favore
376 1799 527 1860 Ecclesiae
538 1799 789 1878 competentium
801 1800 918 1862 intuitu
937 1799 1102 1879 eujusdam

121 1895 285 1958 beneficii.
303 1897 379 1957 Inde
401 1896 554 1974 sequitur,
569 1895 647 1957 illud
666 1913 732 1957 esse
750 1897 802 1977 jus
816 1898 992 1974 temporale
1010 1895 1103 1975 spiri-

122 1993 200 2054 tuali
215 1995 385 2067 adnexum,
404 1999 434 2055 et
454 1995 610 2072 originem
628 1995 757 2055 nonnisi
778 2013 816 2056 ex
833 1995 982 2056 Ecclesia
997 1995 1102 2056 favore

123 2089 255 2168 speciali
275 2091 401 2152 ducere.
838 2115 839 2118 ¹
1089 2161 1092 2168 Ι

164 2189 196 2246 2.
212 2185 290 2266 Ejus
311 2187 403 2266 oripo.
421 2218 461 2230 -
476 2189 503 2247 A
518 2187 694 2248 rationibus
715 2186 886 2263 historicis
914 2206 984 2266 quae
1008 2187 1102 2249 variae

121 2299 193 2344 esse
205 2289 345 2360 possunt,
367 2285 473 2346 differt
486 2285 571 2344 illius
591 2302 685 2346 causa
700 2284 853 2361 formalis,
870 2303 925 2348 seu
934 2286 1012 2364 juris
1027 2287 1041 2346 f
1087 2317 1103 2333 -

123 2381 310 2442 dementum
344 2381 394 2442 eui
420 2381 586 2457 innititur,
608 2399 724 2460 nempe
752 2383 915 2444 concessio
939 2383 1100 2446 Ecclesia.

122 2477 281 2539 Nimirum
295 2479 358 2540 sive
369 2479 445 2559 quia
454 2479 581 2558 collatio
594 2479 823 2542 beneficiorum
836 2480 874 2541 ad
893 2481 1103 2542 hierarchiam

122 2574 215 2636 unice
238 2579 370 2652 spectat,
392 2575 456 2636 sive
472 2577 545 2654 quia
558 2576 681 2654 jurium
701 2577 913 2657 spiritualium
934 2578 1101 2655 incapaces

122 2677 195 2732 sunt
215 2672 290 2732 laici
310 2673 378 2734 sine
393 2673 558 2752 privilegio
584 2674 774 2752 apostolico,
791 2675 853 2736 ista
875 2674 984 2735 liherae
1008 2673 1104 2733 eolla·

122 2768 220 2830 tionis
247 2769 407 2846 limitatio,
437 2789 507 2849 qnae
535 2772 571 2832 fit
599 2789 657 2848 per
681 2773 759 2833 alios
786 2789 851 2832 non
873 2763 1100 2848 competentes,

123 2867 252 2952 nonnisi
264 2885 321 2945 per
335 2869 467 2929 modum
480 2868 595 2929 indulti
607 2867 648 2928 ab
670 2868 811 2930 Ecclesia
829 2867 889 2928 fuit
908 2867 1101 2927 introducta.

164 2966 212 3026 Ad
231 2966 399 3028 historiam
414 2968 499 3045 quod
521 2967 645 3040 attinet,
663 2968 824 3028 elementa
851 2964 1010 3042 primitiva
1021 2964 1101 3044 juris

123 3061 1103 3141 patronatuspriorihusEcclesiaesaeculisoccurruntllcclesia

124 3160 210 3222 enim
227 3161 420 3242 jampridem
437 3161 645 3238 templorum,
662 3159 809 3220 altarium
825 3162 856 3220 et
873 3158 1102 3220 beneficiorum

123 3257 319 3334 fundatores,
342 3263 377 3320 ut
400 3263 525 3338 gratum
557 3273 632 3336 erga
655 3256 726 3317 illos
752 3256 894 3317 animum
921 3258 1099 3331 testaretur,

125 3355 316 3433 quibusdam
329 3353 546 3434 praerogativis
557 3353 695 3414 donavit.
709 3352 790 3414 Hine
805 3354 933 3416 nomina
947 3370 1056 3416 eorum
1069 3353 1105 3414 in

126 3453 272 3514 ecclesiis
295 3453 439 3528 recitata,
463 3451 560 3514 sacris
587 3451 746 3532 diptychis
776 3451 948 3531 inscripta,
973 3449 1102 3528 templis

154 3637 188 3698 (l)
205 3637 328 3699 Maselrat,
343 3634 515 3686 Institutiones
525 3635 598 3700 juris
608 3635 728 3698 canonici,
742 3635 785 3686 lib.
798 3635 843 3698 111,
854 3637 894 3686 tit.
905 3647 950 3686 vn.
