2594 4286
251 323 283 378 76
410 323 567 376 uxeoslrm
588 321 764 375 METRODIGA
785 323 869 374 sulus
891 328 1047 374 canorum.

250 448 457 528 disponendis
490 447 601 510 haberi
638 451 877 510 consueverant.
907 446 1013 509 Hodie
1047 463 1121 510 vero
1158 449 1233 508 tum
1295 477 1296 492 1

250 564 308 624 pro
325 546 441 626 pueris,
456 550 526 608 tum
539 564 598 626 pro
617 545 734 607 adultis
748 544 965 608 instituuntur.

596 784 817 844 narremus
835 785 880 842 111

390 1017 392 1022 Ι
463 965 587 1008 ERROBUM
610 967 713 1008 CONTRA
736 965 816 1012 EIDEM
833 965 1015 1007 rnorntcarm.

293 1117 416 1196 Duplex
425 1091 630 1195 distinguitur
642 1088 763 1194 species
774 1073 1078 1196 mediorumquibus
1088 1115 1234 1179 Ecclesia

254 1215 352 1279 utitur
363 1214 403 1276 ad
417 1231 540 1277 errores
555 1214 727 1276 efficaciter
742 1215 969 1295 depellendos:
1295 1215 1296 1230 ¹

291 1367 306 1432 §
321 1367 346 1420 l.
362 1361 472 1429 Quibus
484 1359 589 1417 mediis
603 1375 716 1418 errores
729 1363 957 1434 praeveniuntur.

290 1458 305 1521 §
318 1457 347 1511 2.
361 1437 471 1520 Quibus
485 1451 588 1508 mediis
603 1466 714 1550 errores
728 1453 940 1525 reprimuntur.

401 1655 416 1720 ᾖ
433 1653 457 1706 1.
473 1651 617 1716 —Quibus
634 1652 734 1708 mediis
748 1668 861 1708 errores
876 1659 1081 1722 praecaventur.

294 1809 434 1874 Ecclesia
454 1806 546 1872 variis
570 1810 684 1871 mediis
705 1811 837 1890 puritati
864 1811 939 1874 fldei
965 1813 1112 1889 consulit,
1134 1818 1234 1892 atque

256 1914 412 1992 praecavet
425 1927 465 1972 ne
479 1926 601 1972 errores
616 1927 699 1972 sanae
714 1909 868 1972 doctrinae
883 1909 1129 1974 admisceantur.

295 2011 319 2070 Ι.
336 2007 479 2091 Symbola
496 2005 568 2088 fidei
581 2007 722 2084 conficit,
740 2025 809 2088 quae
824 2013 897 2070 sunt
915 2008 1024 2072 breves
1046 2010 1235 2089 dogmatum

258 2113 290 2172 et
304 2106 511 2169 articulorum
524 2107 690 2167 summulae
704 2112 758 2169 aut
771 2106 986 2184 collectiones,
998 2113 1092 2188 atque
1106 2107 1247 2187 publica·

258 2207 346 2286 signa
368 2205 481 2286 quibus
505 2203 675 2266 orthodoxi
697 2203 736 2264 ab
755 2205 938 2268 infidelibus
960 2211 991 2268 et
1010 2207 1154 2268 sectariis
1171 2208 1236 2268 dis-

258 2306 454 2384 tinguuntur.
468 2306 599 2382 Propter
615 2308 738 2364 exortas
750 2304 897 2381 haereses,
913 2305 1047 2367 alterum
1062 2306 1164 2367 altero
1176 2307 1238 2368 dis·

259 2404 390 2469 tinctius
404 2401 533 2467 exhibet
545 2401 701 2466 catholica
716 2405 882 2481 dogmata3
907 2405 1119 2467 nullumvcro
1144 2404 1238 2467 alteri

260 2505 452 2568 adversatur.

301 2601 452 2666 Ecclesiae
473 2597 617 2681 symbola
631 2597 768 2661 maxime
784 2599 944 2662 celebrata
959 2606 1033 2663 sunt
1049 2619 1056 2663 ε
1075 2601 1241 2680 Apostoli·
1293 2609 1294 2614 ’

262 2719 347 2776 oum,
363 2698 491 2764 concilii
503 2697 634 2770 Nicaeni,
650 2697 992 2778 constantinopolitani
1009 2701 1034 2775 l,
1050 2700 1081 2761 S.
1099 2693 1241 2762 Athana-

262 2800 318 2875 sii;
338 2796 471 2864 Concilii
487 2795 706 2858 lateranensis
721 2796 762 2857 IV
776 2796 963 2876 Symbolum
975 2797 1008 2858 in
1019 2797 1125 2876 capite
1135 2798 1211 2860 libri
1226 2802 1237 2860 l

261 2898 474 2964 Decretalium
489 2895 630 2982 positum
645 2899 702 2956 est.
719 2895 852 2956 Consilii
867 2893 1043 2958 Tridentini
1062 2914 1119 2958 seu
1137 2897 1185 2957 Pii
1199 2898 1240 2959 Ill

263 2999 399 3061 formula
418 2997 528 3060 eadem
551 3000 598 3058 est
618 3010 691 3056 eum
710 2992 861 3074 symbolo
877 2994 1239 3073 Constantinopolitano,
1295 3001 1296 3080 l

262 3091 324 3160 nisi
339 3097 423 3176 quod
439 3094 603 3173 adjunctas
615 3090 732 3154 habeat
746 3092 977 3156 declarationes
991 3097 1103 3156 contra
1116 3110 1242 3156 errores

263 3196 477 3276 posteriorum
492 3199 686 3272 temporum.

304 3292 343 3356 ll.
364 3292 414 3355 Ad
427 3291 498 3374 fidei
514 3290 720 3374 professionem
734 3289 943 3352 emittendam
965 3290 1055 3370 juxta
1070 3291 1244 3354 formulam

265 3387 313 3454 Pii
339 3394 379 3455 lll
404 3381 586 3470 obligantur
611 3389 710 3451 iidem
737 3388 792 3468 qui
813 3388 1029 3467 juramentum
1051 3389 1244 3453 obedientias

266 3496 416 3572 praestare
428 3493 587 3563 tenentur,
599 3503 714 3566 nempe
727 3487 936 3565 promovendi
949 3488 988 3548 ad
1003 3485 1243 3568 Episcopatum‚

266 3588 384 3670 provisi
404 3589 444 3650 de
465 3587 655 3650 canonicatu
674 3585 722 3648 vel
745 3586 784 3646 dc
798 3584 957 3650 beneflcio
978 3588 1101 3663 curato,
1118 3584 1244 3649 Praelati

267 3687 439 3768 regulares,
455 3684 595 3764 Magistri
612 3682 828 3747 scientiarum
