2618 4252
221 226 273 274 810
386 225 544 273 EXPOSITIO
565 224 743 270 uurfluoma
763 225 847 270 acels
870 223 1025 270 canotum

216 343 359 406 Ecclesia
369 343 567 424 subjicietur
579 341 641 402 nisi
665 358 715 403 res
730 340 962 402 immutabilis
953 359 987 400 ιιι
1006 341 1196 404 mutabilem
1275 281 1278 406 i

218 441 366 504 converti
379 441 465 513 velit,
491 445 523 501 et
510 439 673 501 tdivina
661 457 734 522 Jura
755 440 901 500 humanis
923 438 1202 519 posthabeargtnr?
1277 412 1279 542 Ι

218 538 335 613 Tertio,
353 557 378 598 sr
370 537 592 599 Ecclesiat
550 555 576 598 ae
579 541 678 598 tcmae
691 538 883 616 populorum
910 536 1002 597 saluti
1024 536 1194 614 prospicit,
1277 543 1280 666 l

218 636 319 698 civilis
342 641 397 696 aut
399 652 450 696 ern
469 639 526 714 pot
513 639 609 696 testas
629 634 765 714 negotiis
789 634 1002 712 temporariis,
1031 633 1196 712 quomodo

219 733 323 811 prima
336 733 436 813 hypot
422 732 521 794 thesis
534 730 659 792 admitti
675 731 804 810 poterit,
822 732 900 810 quin
920 737 960 794 aet
962 749 1076 793 ernum
1091 736 1197 794 atem·
1277 674 1281 796 i

219 829 538 909 porariogubernari‚
553 833 585 890 et
604 829 675 888 linis
693 846 711 888 a
731 828 844 889 mediis
858 830 960 908 legem
975 830 1126 908 accipere
1139 833 1200 892 sta-

218 934 324 990 tuatur
338 929 352 988 l
364 926 559 988 Enimvero
551 929 610 986 rste
629 942 719 986 error
731 943 789 1003 pro
791 925 974 988 testantium
998 926 1063 987 huc
1078 925 1200 1004 tendit,
1282 936 1283 1018 t

197 1057 200 1066 ,
219 1032 254 1086 ut
267 1024 475 1103 religionem
467 1042 500 1083 rn
514 1023 678 1101 negotium
693 1023 951 1120 quoddampolit
944 1041 1029 1085 rcum
1040 1025 1197 1085 transfor·

218 1128 293 1192 met,
319 1128 351 1184 et
366 1123 527 1183 ministros
550 1119 727 1182 Ecclesiaa'
719 1138 753 1180 m
777 1111 884 1181 civiles
908 1122 1064 1200 quosdam
1082 1122 1198 1201 magis·
1283 1123 1284 1134 ¹

216 1225 279 1281 trat
281 1237 330 1280 us·
323 1221 429 1298 ,quod
445 1218 607 1296 religionis
620 1217 867 1280 christianaet
813 1225 867 1280 nat
870 1235 958 1278 uram
971 1218 1108 1280 destruit
1125 1220 1179 1299 (lt.

255 1319 285 1377 2.
301 1319 409 1396 Neque
425 1314 623 1376 admittenda
637 1319 685 1374 est
698 1313 852 1393 equalitas
875 1315 1027 1395 utriusque
1040 1316 1199 1396 potestatis
1285 1330 1286 1362 ι

161 1427 166 1435 ·
216 1414 301 1492 apud
315 1412 501 1474 catholicos.
512 1411 638 1472 Etenim
648 1411 851 1472 manifestum
865 1416 923 1486 est,
937 1414 1013 1472 duas
1025 1413 1197 1474 societates
1286 1460 1287 1470 ,

216 1516 326 1571 nutura
349 1509 513 1570 distinctas
540 1513 571 1569 et
600 1508 690 1576 inter,
707 1525 740 1568 se
762 1513 937 1584 extraneas,
959 1528 1031 1587 quae
1051 1510 1200 1573 absolute

162 1651 163 1655 ,
215 1623 372 1686 supremae
390 1604 464 1676 sint,
480 1605 556 1686 tingi
569 1622 746 1684 nonposse.
762 1607 842 1666 Nam
857 1593 1042 1668 excellentia
1055 1608 1196 1670 societa-
1287 1595 1288 1648 i

215 1713 283 1766 turn
295 1704 335 1766 ab
349 1706 528 1766 earumtine
539 1705 667 1782 pendet.
683 1704 780 1783 Atqui
790 1705 1028 1768 interhomines
1038 1709 1105 1768 duo
1115 1710 1195 1770 fines

214 1802 357 1864 absolute
374 1803 515 1882 supremi
528 1801 605 1880 tingi
620 1807 793 1880 nequeunt.

255 1901 360 1962 Civilis
375 1902 608 1964 catholicorum
623 1902 758 1964 societas
771 1902 885 1963 iisdem
902 1903 1087 1966 hominibus
1101 1921 1198 1967 cons-

214 2003 270 2071 tat,
284 1999 398 2078 quibus
415 2001 557 2061 Ecclesia
576 2000 690 2062 Christi
711 2000 875 2076 coalescit;
893 2001 1050 2080 ejusmodi
1063 2002 1200 2065 societas

214 2094 310 2156 habet
327 2097 484 2158 rationem
503 2097 641 2176 duplicis
656 2097 870 2176 obligationis,
881 2116 943 2177 qua
955 2101 1067 2162 eadem
1089 2103 1199 2164 multi·
1291 2116 1292 2164 t

214 2193 292 2254 tudo
307 2193 365 2254 sub
376 2194 514 2272 imperio
528 2195 693 2273 potestatis
709 2195 809 2256 civilis
828 2197 1014 2260 felicitatem
1030 2203 1197 2280 tempora-

213 2291 277 2351 lem
288 2289 432 2368 inquirit.
445 2291 602 2370 simulque
615 2291 672 2353 sub
683 2292 819 2371 imperio
830 2294 980 2356 Ecclesia
990 2297 1089 2358 vitam
1104 2303 1198 2362 aeter-

213 2389 506 2466 namprosequitur.
518 2390 839 2454 Haecvitaaeternaest
847 2393 1018 2457 ultimusao
1026 2413 1194 2474 supremus

213 2484 295 2560 finis,
325 2485 375 2546 cui
394 2485 528 2546 felicitas
555 2503 592 2548 ac
618 2487 683 2549 vita
707 2489 890 2567 temporalis
909 2492 1026 2555 subest.
1055 2495 1194 2558 Proinde

213 2582 349 2644 societas
370 2582 471 2644 civilis
491 2584 721 2645 catholicorum
746 2591 794 2646 est
816 2591 915 2648 coetus
936 2589 1116 2668 hominum,
1138 2594 1194 2672 qui

213 2681 382 2759 temporali
393 2679 536 2742 felicitati
543 2683 723 2760 quaerendae
731 2681 774 2743 ita
784 2685 922 2762 student,
934 2690 1191 2768 utprolfteantur,

214 2794 284 2839 eam
299 2777 426 2840 subesse
439 2779 548 2840 studio
560 2779 719 2841 felicitatis
734 2786 871 2856 aeternae,
885 2802 979 2861 quom
991 2789 1123 2850 credunt
1131 2787 1193 2851 sub

214 2875 368 2955 regimine
380 2877 530 2938 Ecclesiae
549 2876 686 2938 obtineri
699 2883 822 2940 tantum
836 2897 938 2958 posse.

254 2975 288 3034 3.
315 2975 465 3052 Superest
487 2974 575 3035 tertio
600 2973 775 3055 hypothesis,
801 2977 891 3055 juxta
914 2997 1009 3058 quam
1037 2983 1191 3046 Ecclesia

212 3071 367 3149 competit
377 3071 538 3150 majoritas
551 3090 606 3134 seu
622 3073 775 3149 primatus
784 3093 849 3152 prae
861 3077 945 3139 civili
959 3079 1192 3142 catholicorum

211 3168 372 3242 societate,
393 3169 468 3247 quia
482 3170 554 3231 finis
563 3170 716 3232 Ecclesiae
727 3177 853 3250 superat
867 3176 964 3237 finem
979 3180 1191 3255 temporalem

211 3265 371 3326 societatis
389 3266 502 3327 civilis.

250 3361 289 3420 ll.
302 3359 436 3422 Potestas
445 3362 538 3424 uurlas
551 3363 760 3428 subordinatur
772 3365 945 3431 Ecclesia·
932 3389 963 3429 au
983 3370 1115 3431 omnebus
1125 3390 1192 3452 quc>

243 3491 276 3552 (l)
293 3488 445 3553 liberatore,
463 3493 665 3546 Institutioues
648 3499 720 3562 Jurr's
741 3501 848 3560 naturus,
864 3500 908 3552 lib.
925 3501 949 3550 ll
956 3515 1030 3564 cap.
1042 3516 1077 3553 vr.
1100 3505 1193 3554 -Ᾰιι-

212 3568 283 3630 disio,
300 3571 391 3632 Dror'pt
391 3561 634 3638 >aestimavimus
648 3583 668 3628 t
680 3577 728 3641 Ill,
741 3577 780 3628 tit.
793 3592 869 3629 xvrn.
