2594 4286
501 291 575 336 PARS
597 290 761 336 seueram.
1090 289 1121 336 al

90 447 95 458 ·
140 416 189 475 est
207 409 477 490 impedimentum
502 409 655 470 dirimens
675 405 881 470 matrimonii.
906 410 1025 472 Votum
1042 427 1121 489 pau·

141 509 286 589 peitatis,
307 508 400 589 quale
420 508 456 568 lit
470 507 558 588 juxta
584 506 670 586 leges
694 506 856 581 Ecclesiae,
885 505 1034 586 prohibet
1059 509 1120 570 sal-

139 612 208 670 tem
225 624 321 669 usum
331 605 601 684 independentem
612 603 770 666 honorum
788 605 1027 684 temporalium.

181 707 222 766 Il.
246 707 363 767 Votum
381 706 523 766 solemne
541 702 736 784 paupertatis
756 703 897 765 excludit
911 705 1121 782 capacitatem

142 802 291 864 dominii.
314 805 389 865 Haec
404 801 557 881 obligatio
578 801 656 881 ligat
665 800 816 880 singulos,
831 817 895 864 non
914 801 1018 880 ipsum
1037 801 1122 866 ordi·

141 917 230 962 nem.

178 997 357 1076 Religiosus
385 1013 452 1058 non
477 1002 605 1060 exercet
626 1000 715 1058 actus
738 997 959 1077 proprietatis,
984 998 1042 1058 sed
1065 1014 1121 1076 po·

136 1100 202 1158 test
215 1095 446 1158 administrare.
473 1093 643 1158 Moralistae
656 1099 805 1174 quaerunt
827 1112 867 1156 an
881 1095 1023 1174 religiosi
1047 1113 1121 1176 poe·

136 1193 302 1268 siutdare‚
325 1193 477 1273 recipere,
498 1194 685 1272 disponere;
718 1210 758 1253 an
781 1193 918 1255 sulliciat
946 1194 1120 1272 superioris

135 1291 269 1353 licentia
301 1293 398 1354 tacita
430 1297 484 1354 aut
510 1290 605 1353 etiam
631 1295 842 1368 presumpta;
869 1308 909 1352 an
930 1290 1056 1352 licitum
1078 1292 1120 1354 sit

136 1389 331 1468 quibusdam
346 1390 501 1469 religiosis
517 1389 681 1468 peculium
709 1405 783 1450 cum
808 1406 867 1449 usu
889 1389 1115 1468 dependente;

135 1492 256 1566 quanta
274 1489 406 1549 materia
421 1487 599 1566 requiratur
613 1486 653 1546 ad
667 1491 835 1564 peccatum
859 1489 995 1548 mortale
1009 1491 1121 1549 contra
1158 1489 1166 1504 “

138 1579 335 1668 paupertatis
355 1593 483 1662 votum;
502 1604 543 1647 an
570 1592 601 1649 et
622 1591 777 1667 quatenus
797 1585 927 1648 ordines
952 1590 1120 1649 teneantur

137 1691 360 1764 paupertatem
383 1701 518 1747 servare.
540 1741 546 1751 .

179 1785 231 1846 111.
251 1786 336 1847 Voto
352 1782 542 1846 obedientiae
563 1781 728 1862 religiosus
744 1786 871 1844 tenetur
886 1781 1016 1844 obedire
1038 1801 1118 1864 prm·

137 1887 234 1960 cepto
246 1879 419 1960 superioris
432 1880 464 1942 in
487 1881 524 1943 iis
546 1901 617 1962 quaa
642 1880 803 1961 pertinent
827 1880 946 1943 directe
970 1883 1018 1943 vel
1038 1880 1119 1943 iudi·

136 1985 225 2042 recte
240 1980 387 2043 advitam
406 1981 594 2066 regularem,
612 1980 643 2041 id
656 1986 713 2054 est,
730 1981 769 2040 ad
785 1978 1118 2042 observantiamvoto-

137 2095 210 2138 rum
233 2080 350 2157 regulae
366 2083 397 2140 et
419 2077 694 2141 constitutionum.
710 2077 867 2158 obligatio
877 2076 1029 2157 supponit
1045 2083 1116 2140 tum

138 2173 310 2253 superioris
327 2173 460 2254 legitimi
482 2192 591 2236 verum
606 2181 816 2256 praeeeptum,
831 2181 900 2237 tum
924 2177 1117 2237 convenien-

137 2269 215 2332 tiam
234 2270 280 2334 rei
297 2277 467 2351 praeceptae
484 2271 558 2334 eum
573 2272 689 2352 regulis
704 2274 806 2335 etflne
828 2271 972 2334 instituti.
991 2272 1115 2337 Directe

135 2369 297 2452 pertinent
313 2373 350 2432 ad
367 2373 509 2449 regulam
535 2389 570 2432 ea
584 2370 701 2451 quaein
718 2370 770 2432 illa
786 2388 932 2450 expresse
950 2371 1114 2434 continen-

139 2473 214 2543 tur;
241 2467 396 2530 indirecte
418 2467 581 2548 pertinent
602 2486 728 2548 eaquae
764 2474 837 2531 sunt
863 2468 1040 2531 necessaria
1064 2471 1114 2533 rel

135 2564 227 2626 utilia
240 2567 279 2628 ad
292 2566 358 2645 ejus
371 2565 617 2630 observantiam.

176 2662 352 2744 Religiosns
366 2682 430 2727 non
441 2669 554 2744 peccat
567 2665 702 2742 graviter
725 2671 834 2727 contra
850 2671 971 2740 votum,
991 2663 1051 2725 nisi
1067 2682 1114 2726 re-

134 2766 226 2824 cuset
241 2759 372 2822 obedire
381 2760 535 2840 superiori
545 2760 745 2842 praecipienti
760 2763 790 2823 in
804 2763 912 2824 virtute
928 2761 1110 2823 eanrtoeobe-

133 2858 251 2920 dentiae
275 2866 329 2921 aut
350 2877 441 2939 grave
473 2862 657 2921 scandalum
680 2867 841 2940 sequatur.
860 2893 902 2904 —
927 2859 1113 2923 Obedientia

135 2955 340 3036 distinguitur
357 2956 612 3021 innecessariam
624 2966 655 3021 et
670 2960 853 3038 perlectam.
873 2956 1052 3019 Necessaria
1064 2948 1112 3021 le-

134 3053 237 3134 gitimi
253 3053 423 3136 superioris
453 3063 613 3134 praecepta
637 3053 830 3133 exsequitur.
853 3056 997 3118 Perfecta
1022 3071 1111 3118 exse·

134 3151 243 3232 quitur
260 3170 334 3214 cum
347 3151 508 3215 alacritate
520 3159 614 3232 atque
627 3154 742 3216 aliectu
755 3151 924 3214 voluntatis
941 3151 973 3215 in
987 3171 1057 3216 rem
1079 3161 1111 3218 et

131 3249 341 3330 superiorem,
360 3249 497 3312 divinam
523 3251 718 3312 voluntatem
740 3249 892 3330 agnoscit,
911 3256 943 3314 et
967 3253 1110 3332 superio-

131 3366 201 3412 rem
212 3367 278 3412 non
288 3347 410 3428 judicat
424 3347 490 3410 sine
505 3347 628 3410 ratione
642 3347 791 3412 evidenti.
