2604 4264
450 289 525 334 PARS
544 289 708 338 SPECIAEES.
769 313 772 322 ·

239 503 240 510 ’
270 507 301 556 11.
314 533 345 542 -
355 504 514 556 Consecratio
525 511 550 556 et
567 505 708 556 Benedictio
717 505 888 556 ecclesiarum.

132 675 300 738 AEdiiicata
314 673 454 736 ecclesia
478 675 525 738 vel
549 675 613 737 ritu
629 675 765 738 solemni
793 680 1070 753 consecratur,rel

94 777 207 838 saltem
217 791 275 854 per
287 773 441 852 praeviam
461 771 723 836 benedictionem
742 774 840 836 cultui
866 774 972 836 divino
986 773 1073 838 addi-

96 874 191 938 citur.
1018 880 1021 894 ¹

135 973 161 1034 Ι.
181 970 410 1034 consecrationis
422 970 606 1050 antiquitas,
625 968 704 1031 ritus
720 975 751 1031 et
764 971 919 1034 minister.

137 1073 165 1133 l.
182 1071 255 1149 Ejus
268 1069 497 1150 aotz‘qoitcc-
506 1067 714 1145 Templcrum
726 1068 927 1130 consecratio
940 1070 1075 1134 evetcri

97 1171 297 1230 Testamento
308 1169 347 1226 ad
357 1169 489 1241 Novum,
503 1170 599 1243 atque
610 1164 651 1226 ab
663 1166 824 1243 Apostolis
834 1167 873 1227 ad
887 1183 999 1229 eorum
1008 1186 1076 1230 suc-

99 1283 237 1328 cessores
256 1265 390 1340 transiit,
417 1269 448 1326 et
461 1264 494 1325 in
507 1263 649 1326 Ecclesia
671 1279 796 1341 semper
811 1264 977 1328 observata
1004 1267 1075 1330 luit.

100 1365 251 1438 Quaedam
265 1362 465 1425 caeremoniae
480 1381 498 1424 a
512 1363 545 1426 S.
562 1362 733 1441 Sylvcstro,
747 1360 881 1440 aliisque
896 1365 931 1424 R.
949 1365 1078 1426 Pontid-

100 1462 191 1525 cibus
205 1461 321 1523 additae
335 1465 431 1522 sunt·

142 1563 174 1620 2.
190 1558 280 1620 Ritus
292 1557 516 1630 consecrandae
530 1555 674 1619 ecclesia
690 1557 915 1618 describuntur
925 1557 958 1617 in
971 1552 1080 1620 Ponti-

99 1656 186 1718 ficali
195 1658 345 1718 Romano.
357 1658 435 1718 Gum
441 1655 564 1735 jejunio
574 1652 777 1716 celebrantur
789 1655 903 1732 vigiliae
919 1656 1081 1735 Reliquia-

97 1771 181 1830 rum,
196 1771 268 1834 qum
287 1753 396 1815 subtus
417 1753 516 1814 altare
539 1742 750 1814 collocantur.
770 1751 947 1832 Episcopus
970 1757 1019 1815 ter
1033 1753 1100 1833 ip·.

99 1867 168 1914 sam
182 1851 348 1914 ecclesiam
376 1849 530 1912 circumit.
557 1850 756 1928 aspergendo
770 1869 779 1924 ;
807 1849 838 1909 in
869 1849 940 1928 ipso
967 1853 1081 1931 templi
1127 1897 1128 1901 η

101 1947 285 2030 pavimento
306 1948 483 2009 delineatur
509 1947 627 2024 duplex
649 1945 866 2023 alphabetum,
888 1965 1027 2026 gracum
1045 1967 1082 2012 ac

100 2047 255 2122 latinum;
273 2061 383 2107 cruces
393 2044 426 2105 in
440 2048 533 2124 porta
546 2049 578 2106 et
589 2044 622 2104 in
635 2043 840 2105 interioribus
853 2045 1028 2124 parietibus
1042 2048 1085 2108 si·

103 2148 241 2225 guantur
255 2149 349 2222 atque
364 2160 455 2208 sacro
474 2142 649 2204 chrismate
663 2145 837 2220 unguntur.
855 2145 990 2224 Demum
1003 2145 1086 2223 psal-

101 2243 174 2319 mis,
190 2241 328 2322 hymnis,
341 2240 490 2320 precibus
504 2244 536 2302 et
547 2239 788 2303 consecratione
804 2239 912 2300 altaris
923 2241 1085 2318 perficitur

103 2339 254 2402 ecclesiae
272 2338 482 2399 consecratio.

147 2435 340 2499 Solemnitas
355 2433 565 2496 dedicationis
581 2433 713 2514 singulis
723 2434 812 2494 annis
823 2435 1014 2497 celebranda
1025 2442 1084 2512 est,

105 2534 311 2598 consecratio
326 2533 471 2596 ecelesiae
493 2533 602 2594 iterari
621 2533 741 2612 nequit,
769 2533 830 2594 nisi
854 2535 904 2596 vel
928 2535 1088 2597 destructa
1150 2602 1151 2607 ἵ

104 2633 202 2696 luerit
212 2633 263 2694 rel
278 2634 317 2693 de
331 2631 415 2693 illius
432 2631 591 2694 validitate
606 2631 780 2693 dubitetur.

145 2735 176 2794 3.
204 2729 407 2794 Consecratio
418 2729 624 2791 ecclesiarum
639 2733 686 2791 est
698 2729 828 2808 propria
841 2727 971 2788 muccis
983 2725 1091 2807 opisco-

102 2829 193 2908 polis.
213 2828 306 2888 Ratio
321 2833 378 2904 est,
399 2827 473 2907 quia
488 2827 673 2889 solemniter
695 2843 754 2905 per
774 2827 962 2888 unctionem
990 2823 1091 2886 chris-

106 2925 203 2986 matis
216 2924 391 3003 perficitur.
677 2934 680 2940 ’

151 3022 202 3084 Fit
216 3022 256 3082 ab
270 3023 431 3101 Episcopo
444 3021 520 3096 loci,
537 3021 570 3082 in
585 3039 649 3107 quo
673 3022 733 3083 sita
756 3027 803 3083 est
816 3021 964 3082 ecclesia.
980 3019 1092 3085 Valide

108 3137 187 3182 vcro
200 3119 384 3198 quicunque
396 3118 572 3198 Episcopus
585 3121 761 3180 consecrat.

152 3216 193 3276 ll.
207 3214 376 3276 Benedictio
401 3234 419 3275 a
442 3214 682 3281 consecratione
702 3214 819 3290 differt,
848 3219 1001 3293 quatenus
1024 3214 1115 3278 sine

109 3312 265 3376 unctione
287 3313 463 3393 perficitur,
484 3318 516 3376 et
531 3309 750 3376 sacerdotibus
767 3311 806 3372 ab
827 3313 988 3394 Episcopo
1012 3314 1095 3376 dele·

109 3409 306 3489 garipotest.
901 3397 908 3410 ’
