2590 4262
204 266 256 314 202
367 266 523 313 nxroslrlo
545 236 723 311 unrfloblcd
743 267 826 312 Junls
848 265 1006 312 cenorum.

201 379 372 460 requiritur
387 379 451 441 litis
470 378 670 442 contestatio.
686 380 768 440 Ante
786 378 874 439 illam
896 384 994 440 testes
1011 396 1077 440 non
1096 379 1197 440 reci-

201 476 340 558 piuntur,
356 493 459 555 neque
477 476 551 536 alia'
561 474 709 554 probatio
728 474 918 549 admittitur,
936 476 996 536 nisi
1011 475 1096 538 aliud
1112 478 1190 540 exi-

201 581 255 656 gat
265 576 314 637 vel
329 579 440 635 natura
453 590 566 647 causae,
589 573 638 634 vel
658 571 836 652 periculum
857 572 1042 635 amittendae
1062 573 1190 652 proba·
1235 627 1245 632 -

202 671 306 736 tionis.
326 673 478 750 Expressa
503 675 534 732 et
548 670 698 732 solemnis
712 670 903 732 contestatio
923 689 988 732 non
1007 671 1190 750 requiritur

201 771 236 832 in
247 769 376 850 judiciis
394 766 585 831 summariis.

242 869 352 929 Plures
367 872 440 928 sunt
456 865 539 927 illius
554 866 683 928 ellectus
700 884 707 925 :
725 865 779 926 dat
791 863 920 926 initium
931 865 1074 943 judieio;
1089 867 1184 946 quasi

203 970 400 1029 contractum
411 963 535 1045 perficit
547 963 631 1025 inter
642 961 814 1043 litigantes,
828 964 872 1026 ita
886 970 923 1026 ut
938 972 1062 1043 neuter,
1078 968 1182 1028 altero

202 1062 469 1139 invito,recedere
481 1060 593 1142 possit;
607 1059 735 1140 perimit
747 1064 937 1140 potestatem
950 1063 1120 1124 recusandi
1130 1064 1186 1142 ju·

203 1160 295 1236 dicis,
315 1161 375 1221 nisi
395 1167 505 1240 postea
527 1177 620 1222 causa
643 1157 831 1238 suspicionis
850 1159 1071 1238 superveniat3
1098 1179 1184 1240 prae-

203 1259 408 1337 scriptionem
420 1255 627 1334 interrumpit
640 1255 695 1335 ll).

241 1355 499 1417 libramentum
518 1352 672 1414 calumnie
691 1351 852 1434 (vitandas)
873 1353 1095 1416 introductum
1118 1361 1180 1430 est,

201 1459 237 1516 ut
257 1453 408 1533 religione
430 1452 555 1512 fraudes
576 1468 594 1510 a
614 1449 745 1528 judiciis
765 1456 959 1514 arcerentur.
982 1453 1182 1532 Proponitur
1293 1449 1294 1456 '

201 1552 285 1612 illius
297 1549 469 1629 obJectum,
485 1547 654 1610 necessitas
669 1552 701 1609 et
712 1547 860 1620 effectus,

240 1647 326 1710 Illius
350 1645 511 1724 objectum
536 1644 675 1724 quinque
693 1643 839 1723 capitulis
865 1647 1177 1723 comprehenditur;

201 1743 359 1822 litigantes
375 1743 461 1804 enim
475 1744 592 1822 jurant,
609 1745 695 1823 quod
714 1762 748 1806 se
766 1744 884 1806 bonam
908 1761 1036 1820 causam
1057 1745 1178 1808 habere

201 1841 331 1904 credant
344 1861 353 1916 ;
368 1843 452 1920 quod
470 1841 654 1922 interrogati
668 1859 778 1904 verum
790 1841 854 1903 sint
872 1842 1073 1920 responsuri;
1090 1845 1178 1922 quod

201 1940 278 2002 falsa
300 1938 486 2018 probatione
510 1955 575 2000 non
588 1943 735 2015 utantur;
759 1939 843 2018 quod
858 1936 937 1998 nihil
957 1937 1106 2002 dederint
1121 1945 1177 2002 aut

201 2034 404 2118 promiserint
426 2037 652 2116 corrumpendi
673 2027 786 2112 causa,
805 2037 890 2115 quod
916 2034 1085 2099 dilationes
1110 2055 1177 2100 non

200 2136 359 2214 postulent
383 2135 416 2195 in
439 2137 592 2211 fraudem,
619 2135 725 2197 animo
751 2132 874 2196 scilicet
900 2131 1069 2194 differendi
1089 2134 1178 2214 judi-

201 2231 298 2293 cium.
313 2232 399 2294 Istud
411 2233 638 2311 juramentum,
654 2249 728 2294 cum
742 2229 922 2292 universam
932 2229 1023 2292 litem
1038 2236 1173 2310 spectet,

200 2329 297 2390 semel
310 2333 435 2389 tantum
448 2333 616 2407 praestatur
627 2348 636 2403 3
648 2328 688 2390 ab
701 2345 738 2388 eo
752 2325 857 2388 dillert
868 2328 1005 2405 speciale
1015 2329 1178 2408 Juramen·

200 2428 268 2486 tum
288 2425 418 2486 vertutis
437 2426 485 2487 vel
508 2425 643 2499 malitiae,
660 2426 746 2504 quod
765 2425 863 2486 altera
881 2442 954 2504 pars
970 2425 1098 2506 exigere
1115 2444 1175 2506 po·

161 2571 163 2576 .
200 2528 271 2598 test,
288 2521 411 2601 quoties
420 2523 517 2601 judex
536 2524 680 2584 fraudem
695 2520 880 2601 suspicatur.

239 2621 315 2684 iure
337 2626 502 2696 canonico,
523 2620 740 2699 juramentum
762 2620 800 2679 ad
821 2617 1029 2681 substantiam
1054 2618 1176 2682 ordinis

196 2717 354 2798 judicialis
379 2737 444 2780 non
467 2715 624 2797 pertinet3
651 2714 704 2778 sed
728 2716 826 2795 judex
848 2721 956 2794 potest
987 2718 1177 2797 regulariter

198 2815 277 2878 illud
291 2817 325 2877 in
336 2815 482 2879 omnibus
497 2813 599 2877 causis
612 2812 747 2893 exigere.
765 2811 876 2876 Sinon
891 2821 1027 2892 petatur,
1044 2815 1174 2894 impune
1242 2880 1245 2886 ,

200 2912 367 2990 omittitur,
381 2901 489 2992 'neque
503 2916 671 2992 propterea
683 2909 841 2991 judicium
853 2911 980 2973 irritum
993 2917 1052 2974 est.
1068 2915 1108 2975 At
1122 2930 1176 2992 pe·

199 3009 292 3074 titum
305 3010 436 3074 omnino
448 3011 664 3092 praestandum
676 3014 743 3084 est;
761 3006 828 3070 etsi
841 3006 999 3088 litigantes
1014 3008 1094 3071 illud
1105 3010 1176 3073 sub·

200 3109 246 3170 ire
262 3115 421 3186 recusent,
447 3116 536 3173 actor
552 3109 682 3188 quidem
694 3124 788 3170 causa
803 3107 909 3185 cadet,
933 3125 1006 3170 reus
1029 3126 1105 3171 vero
1118 3127 1175 3189 pro

200 3206 345 3267 confesso
359 3207 539 3270 habebitur.

239 3301 376 3364 Effectus
391 3304 524 3383 praestiti
533 3302 706 3383 J'uramenti
720 3306 779 3379 est,
796 3306 832 3364 ut
846 3301 1014 3366 calumnie
1025 3302 1176 3384 suspicio·

199 3418 273 3466 nem
287 3407 457 3479 removeat,
472 3404 573 3468 donec
593 3405 633 3466 de
651 3421 687 3466 ea
699 3401 864 3466 manifeste
878 3406 1003 3464 constet
1019 3401 1073 3484 (t).

231 3533 266 3598 (t)
280 3530 447 3581 decretalium
459 3533 503 3587 lib.
515 3535 548 3597 ll,
559 3535 600 3586 tit.
612 3548 638 3594 v,
653 3533 685 3584 de
699 3533 760 3583 titis
770 3531 955 3584 contestatione.

233 3615 264 3676 (2)
279 3611 355 3674 leid,
366 3613 405 3662 tit.
422 3625 468 3673 su,
479 3613 665 3666 deincremento
675 3611 818 3666 calumnia.
