2594 4286
431 293 505 340 PARS
524 294 688 342 senclttm.
1012 294 1046 340 29

107 415 160 476 ΙΙΙ.
190 412 377 476 Conditiones
395 413 544 494 requisites
561 413 602 474 od
621 413 747 476 solodoro
765 414 986 496 professionem.
1009 446 1050 459 ·—

70 516 98 571 t⁰
107 510 266 590 Aptitudo
278 511 429 588 voventis,
442 517 529 588 aetas,
541 511 663 575 scilicet
677 521 778 576 annus
790 511 1047 576 decimussextus

69 609 225 686 expletus,
238 613 366 687 peracto
380 608 538 687 probatio.
556 643 593 654 -
605 613 637 670 2⁰
649 609 790 672 Libertas
805 629 813 670 :
830 615 933 674 metus
948 606 1048 689 gravis

67 705 301 784 professionem
318 706 489 768 invalidam
504 707 620 770 reddit.
638 741 675 753 —
689 711 722 770 3⁰
740 706 918 788 Superioris
935 723 1049 786 accep-

67 804 146 867 tatio
160 804 292 867 nomine
303 803 435 868 ordinis.

105 905 161 966 IV.
178 902 353 984 Rotifieotio
373 903 420 964 oel
436 903 616 985 improperatio
634 905 774 967 insolide
785 904 978 987 professionis
994 903 1046 985 (f).

107 1001 268 1066 Professio
279 987 572 1067 invalidaratidoari
581 1008 699 1083 potest,
714 1003 890 1066 dummodo
906 1004 1049 1066 defectus

68 1101 239 1163 recesserit
255 1106 287 1164 et
302 1118 473 1164 consensus
485 1102 624 1165 voventis
642 1109 820 1172 renovetur.
836 1105 906 1164 Non
917 1099 1050 1180 requiri-

68 1204 230 1261 turnosus
240 1198 411 1279 superioris
423 1218 595 1262 consensus
607 1201 661 1282 qui
670 1217 876 1282 perseverare
888 1205 1044 1262 censetur.

68 1331 106 1342 -
118 1296 371 1359 controvertitur
383 1315 422 1358 nn
432 1297 643 1360 involiditotem
655 1300 802 1379 ignorans
817 1297 918 1377 possit
929 1298 1051 1377 profes-

69 1394 194 1458 sionem
209 1394 383 1458 ratificare.
402 1396 465 1459 alii
478 1405 604 1478 negant,
622 1396 696 1478 quia
712 1416 885 1460 consensus
900 1397 1051 1477 profiten-

68 1493 108 1556 tis
121 1492 295 1573 requiritur
310 1495 349 1556 ad
365 1494 595 1558 ratificandum.
622 1495 685 1558 atii
699 1497 869 1572 affirmant,
887 1493 963 1574 quia
980 1509 1050 1573 per·

69 1598 193 1655 severat
205 1591 342 1655 intentio
352 1592 454 1656 valide
467 1593 649 1674 profitendi.

109 1686 143 1750 Si
157 1707 223 1750 non
234 1691 359 1769 placeat
372 1691 602 1770 professionem
618 1691 784 1768 radicare,
800 1691 883 1755 actio
897 1687 1052 1752 nullitatis

70 1785 155 1848 intra
164 1785 417 1867 quinquennium
434 1788 595 1852 inducitur
609 1794 658 1854 vel
669 1810 687 1852 a
698 1792 853 1870 professo,
867 1791 944 1852 vela
960 1805 1052 1867 supe·

68 1882 164 1948 riore.
182 1918 222 1929 —
233 1887 250 1948 J
255 1905 289 1948 us
302 1887 499 1956 reclamandi
508 1889 662 1968 competit
672 1894 739 1952 tam
748 1887 939 1952 monialibus
954 1901 1051 1968 quam
1083 1909 1088 1920 ·

70 1983 145 2046 viris
155 1982 329 2064 religiosis3
342 1985 468 2066 judices
482 1992 557 2049 sunt
569 1986 744 2067 Episcopus
759 1993 791 2049 et
805 1984 950 2066 superior
963 2001 1053 2063 regu·

69 2080 162 2145 laris.
185 2114 226 2130 -
240 2083 491 2148 controvertitur
508 2103 548 2146 an
564 2084 718 2165 regularis
735 2083 790 2164 qui
806 2083 866 2147 scit
884 2079 1053 2162 professio-

69 2197 149 2242 nem
162 2173 253 2242 suam
267 2197 377 2244 eoram
389 2185 454 2246 Deo
466 2184 588 2246 nullam
601 2201 680 2260 esse,
694 2184 748 2246 sed
766 2179 878 2262 nequit
887 2181 967 2243 illud
981 2197 1054 2260 pro-

69 2281 160 2354 bare,
174 2278 261 2342 licite
270 2282 372 2344 valeat
381 2281 486 2345 redire
496 2285 537 2344 ad
550 2284 716 2346 saeculum.

108 2379 148 2440 V.
162 2377 311 2458 Effectus.
324 2413 364 2427 -
378 2383 409 2442 1⁰
425 2382 591 2443 Professus
607 2378 711 2444 evadit
725 2378 906 2441 membrum
920 2375 1053 2453 ordinis,

70 2474 1055 2560 quusprivilegiaetobligationesconsequitur-2⁰Professio

72 2575 231 2656 extinguit
251 2581 323 2638 vota
342 2576 429 2657 prius
444 2577 570 2641 emissa.
591 2611 629 2623 -
648 2580 681 2640 3⁰
706 2575 831 2641 Dirimit
851 2575 1009 2656 sponsalia
1024 2579 1056 2635 et

73 2673 317 2738 matrimonium
331 2680 446 2738 ratum.
462 2707 502 2722 --
519 2679 552 2738 4⁰
568 2674 687 2738 Firmat
705 2675 865 2738 bonorum
882 2671 1056 2736 abdicatio·

74 2791 161 2836 nem.
181 2805 223 2818 -
242 2776 276 2834 5⁰
298 2775 410 2836 Aufert
428 2773 692 2852 irregularitatem
713 2791 752 2836 ex
774 2771 931 2836 natalibus
952 2773 1057 2850 quoad

74 2869 314 2951 susceptionem
332 2871 493 2934 ordinum.
510 2907 550 2920 --
571 2876 603 2934 6ο
619 2875 654 2934 In
670 2875 752 2934 statu
767 2870 876 2952 gratim
897 2871 990 2941 facta,
1012 2885 1060 2930 re·

76 2968 177 3032 mittit
198 2987 310 3032 omnes
335 2987 443 3048 poenas
462 2970 603 3049 peccatis
627 2969 761 3046 debitas,
786 2987 852 3030 non
870 2966 1001 3048 quidem
1020 2985 1059 3030 se
1101 3007 1103 3012 ,

75 3085 163 3149 opere
173 3076 292 3148 operato
306 3085 380 3130 cum
392 3067 510 3131 nonsit
524 3073 770 3140 sacramentum,
789 3067 844 3127 sed
858 3067 905 3127 vel
919 3083 954 3126 ee
967 3066 1060 3128 socel-

76 3165 167 3226 lentio
179 3165 274 3246 operis
289 3167 375 3244 quod
396 3170 443 3228 est
465 3165 623 3244 condigna
636 3161 818 3238 satisfactio
836 3167 872 3224 ut
889 3161 941 3242 pie
955 3164 1061 3226 credi-

74 3271 145 3337 tur;
161 3264 207 3324 rel
229 3280 266 3324 ex
280 3263 460 3344 indulpeotio
468 3263 604 3345 plenario
614 3262 711 3342 quam
725 3260 894 3324 Pontifices
908 3265 1062 3344 profiten-

76 3361 165 3424 tibus
181 3362 374 3424 concedunt.

111 3535 148 3598 (t)
161 3535 274 3597 pleting,
290 3535 336 3584 dos
349 3536 505 3599 canonicum,
515 3534 557 3585 lib.
572 3533 616 3596 111,
633 3533 672 3585 tit.
687 3545 755 3584 xxrr.
