2618 4252
225 285 277 331 aot
394 285 550 331 Expostulo
571 281 749 332 nnnuomcu
768 285 851 332 tulus
874 285 1031 333 ottoniel.

222 404 350 480 animm,
366 405 537 466 discrimen
555 404 631 467 boni
646 409 679 466 et
692 404 779 466 mali.
795 405 892 484 Atqui
909 404 1080 467 auctoritas
1095 411 1203 486 potest
1224 435 1230 444 ’

222 519 258 566 ao
274 503 371 564 debet
384 503 556 564 efficaciter
570 501 653 576 tueri
669 489 776 564 omnia
790 520 861 581 quae
874 503 914 562 ad
928 497 1202 566 conservationem

222 599 381 661 societatis
395 599 572 661 necessaria
590 605 674 660 sunt.
689 601 772 678 Ergo
792 600 947 678 ejusmodi
962 601 1132 662 veritatum
1149 609 1200 664 tu·

223 698 320 760 telam
334 697 475 774 negative
490 695 634 776 suscipit,
650 695 848 776 prohibendo
866 715 905 758 ne
917 697 1160 775 impugnentur.

262 798 292 856 2.
312 795 463 857 Potestati
486 792 570 856 civili
588 812 653 856 non
671 793 795 856 licitum
813 801 860 856 est
873 794 991 874 aliquid
1002 796 1132 874 juribus
1146 799 1205 859 llo·

224 893 330 956 clesiae
348 894 514 954 adversum
530 893 701 953 decernere
720 896 773 953 aut
789 910 891 972 agere.
913 894 947 953 ld
967 894 1117 967 infertur,
1140 895 1203 956 sive

223 1008 262 1053 ex
287 987 536 1068 independentia
558 988 722 1062 Ecclesiae,
746 987 808 1049 siva
832 1006 870 1049 ex
893 989 1141 1053 inviolabilitate
1154 991 1204 1071 ju-

224 1088 307 1150 rium
322 1086 436 1165 quihus
454 1086 632 1148 Ecclesiam
647 1085 787 1146 Christus
802 1085 958 1148 instruxit.

426 1299 450 1342 2.
461 1293 549 1343 Officia
562 1292 668 1354 positiva
682 1293 768 1342 Status
779 1307 838 1355 ergo
853 1292 995 1342 Ecclesiam.

262 1451 285 1510 l.
302 1445 433 1510 Ecclesia
448 1444 625 1525 protegenda
638 1455 691 1522 est,
707 1445 759 1508 uti
767 1446 830 1528 ejas
837 1445 980 1528 protectio
993 1444 1030 1526 fit
1043 1445 1201 1526 possibilis.

166 1612 167 1616 ,
263 1545 357 1607 Proh.
375 1547 401 1604 l.
419 1540 589 1603 rationibus.
610 1543 724 1620 Primo,
748 1544 868 1606 directe
889 1543 1031 1623 pertinet
1047 1543 1089 1603 ad
1104 1542 1203 1604 socie·

223 1647 321 1704 tatem
341 1642 467 1704 civilem
489 1658 601 1703 curare
622 1641 884 1721 tranquillitatem
909 1648 940 1703 et
963 1657 1077 1719 pacem
1100 1639 1202 1720 reipu-
1245 1679 1246 1688 .

198 1786 201 1790 -
223 1740 326 1814 blieae,
341 1758 411 1818 quae
427 1757 498 1818 pars
513 1738 651 1800 maxima
664 1749 710 1800 est
722 1739 905 1817 temporalis
920 1737 1092 1800 felicitatis.
1107 1739 1202 1816 Atqui

222 1838 432 1916 tranquillitas
446 1844 476 1899 et
491 1854 552 1916 pax
565 1837 620 1898 diu
635 1837 809 1898 consistere
823 1855 888 1898 non
901 1842 1006 1916 potest
1021 1853 1098 1896 cum
1110 1834 1203 1898 indif-

223 1931 355 1995 ferentia
373 1951 446 2014 erga
460 1935 658 2014 religionem.
1289 1991 1290 2016 2

260 2029 405 2107 Secundo,
417 2034 550 2094 societas
562 2031 661 2095 civilis
674 2033 883 2111 temporalem
893 2030 1079 2094 felicitatem
1092 2048 1202 2092 curare
1289 2023 1290 2095 l

222 2128 318 2191 dehet
331 2147 395 2191 non
409 2130 553 2192 absolute
568 2135 599 2192 et
612 2130 811 2209 simpliciter,
827 2131 882 2192 sed
898 2136 1052 2208 quatenus
1067 2135 1204 2208 estpro-

220 2225 290 2307 pria
303 2225 451 2289 hominis.
464 2226 561 2306 Atqui
574 2228 761 2306 temporalis
774 2226 905 2289 felicitas
917 2227 1055 2292 hominis
1071 2227 1202 2306 propria

221 2323 318 2386 dehet
337 2324 475 2386 ordinari
501 2327 539 2386 ad
562 2325 657 2387 vitam
681 2331 842 2400 aeternum,
858 2324 1000 2403 adeoque
1015 2331 1200 2404 respectum

222 2421 320 2483 habet
332 2423 371 2482 ad
388 2423 579 2500 religionem
596 2423 648 2501 (l).

260 2518 354 2580 Proh.
374 2521 403 2578 i.
423 2519 607 2580 auctoritate.
627 2519 658 2582 S.
681 2521 745 2580 Leo
764 2521 858 2581 docet
885 2539 898 2572 r
914 2516 1033 2597 regiam
1056 2524 1200 2596 potesta·

219 2621 285 2678 tem
301 2633 366 2676 non
380 2615 483 2678 solum
503 2616 540 2675 ad
558 2617 668 2677 mundi
691 2617 846 2696 regimen,
864 2617 917 2678 sed
934 2616 1070 2677 manime
1086 2617 1127 2677 ad
1140 2617 1202 2678 lle-

219 2712 324 2776 clesiae
341 2713 526 2792 praesidium
542 2731 609 2775 esse
625 2714 775 2776 collatam
791 2714 843 2795 (ἓ).
859 2737 874 2772 r

257 2811 331 2871 Pius
352 2814 393 2874 IX
414 2811 574 2874 damnavit
594 2811 669 2874 istas
695 2810 954 2891 propositiones:
977 2835 991 2869 r
1011 2809 1136 2891 Optima
1150 2816 1200 2872 est
1287 2809 1288 2816 ’

218 2905 360 2999 conditio
375 2908 545 2984 societatis,
563 2908 596 2969 in
610 2903 676 2987 'qua
694 2907 830 2988 lmperin
848 2925 913 2970 non
928 2907 1111 2987 agnoscitur
1128 2909 1199 2970 offi-

214 3003 303 3066 cium
321 3005 493 3067 coercendi
516 3004 644 3066 sancitis
657 3003 759 3082 poenis
774 3007 939 3068 violatores
959 3004 1130 3068 catholicae
1148 3023 1197 3068 re-

216 3097 355 3179 ligionis
371 3103 430 3162 nisi
446 3107 600 3181 quatenus
617 3113 677 3180 pax
692 3100 819 3179 publica
836 3104 975 3180 postulet
988 3100 1040 3182 (3).
1058 3124 1073 3160 n

263 3215 277 3251 n
292 3199 396 3260 AEtate
414 3199 473 3260 hac
491 3205 600 3260 nostra
618 3215 682 3260 non
703 3199 838 3276 amplius
861 3197 989 3276 expedit
1009 3199 1197 3278 religionem

249 3357 613 3445 (ll'larquini‚¹lnstr'tutr'ones
642 3387 698 3437 aaa
736 3387 882 3438 :etesiaslicr'
892 3372 1055 3452 publieljlib.
1069 3388 1089 3450 1,
1100 3403 1161 3452 cap.
1176 3401 1193 3446 r,
1285 3425 1286 3432 .

245 3473 278 3512 et.
294 3463 325 3512 ll.

217 3475 282 3608 se(2)
297 3543 324 3594 S.
341 3542 429 3592 Leonis
446 3544 529 3606 Epist.
547 3547 600 3598 125.

185 3643 193 3660 ·
245 3620 279 3688 (3)
295 3623 331 3674 Pii
346 3625 381 3673 lli
394 3624 493 3673 Litterae
508 3624 639 3688 encyclicae
651 3625 750 3688 Quanta
762 3641 823 3676 curu
832 3625 859 3690 (8
874 3626 983 3677 decemb.
1004 3627 1085 3686 1864).
