2618 4252
245 286 299 334 292
414 284 571 330 EXPOSITIO
592 283 770 329 Memnonios
792 283 875 328 sums
897 281 1048 327 canorum.
1148 275 1149 280 ’

247 400 343 463 habet
360 401 400 461 ad
416 402 513 462 finem
528 400 702 478 quemdam
714 399 959 477 assequendum,
975 397 1001 457 is
1014 401 1111 475 potest
1122 398 1194 460 adhi-

244 498 320 560 bere
334 499 441 560 media
449 499 535 577 justa
551 495 779 570 etnecessaria,
794 495 910 575 quihus
925 495 995 555 finis
1005 495 1063 557 iste
1074 495 1193 558 obtinen-

247 596 304 656 dus
315 603 371 658 est.
391 593 590 672 Principium
604 591 723 672 triplici
744 591 853 672 regula
868 592 1039 653 evolvitur:

286 692 401 774 Reputo
417 696 467 752 1⁴:
484 693 543 752 Res
559 689 782 753 ecclesiasticae
798 707 853 752 seu
867 707 982 764 causae,
999 690 1130 768 negotia,
1146 707 1198 751 me-

248 790 299 851 dia
310 791 365 851 fini
376 789 527 852 Ecclesiae
540 787 728 865 conformia,
740 792 885 866 spectant
897 787 935 848 ad
948 787 1130 863 Ecclesiam,
1141 785 1199 866 licet

248 893 386 952 externat
401 887 472 949 sint.

286 988 401 1070 Reputo
420 991 451 1049 2⁸
468 1007 477 1050 :
493 983 645 1048 Potestati
669 983 754 1046 civili
772 1001 837 1048 non
861 982 1074 1061 subjiciuntur
1086 999 1133 1043 res
1147 998 1202 1060 qua

249 1084 304 1145 fini
326 1083 486 1145 societatis
512 1081 613 1144 civilis
636 1097 702 1143 non
726 1079 932 1158 respondent.
953 1079 1047 1140 Ratio
1072 1084 1126 1152 est,
1149 1082 1203 1138 tum

249 1181 322 1261 quia
338 1179 471 1243 societas
484 1197 548 1240 non
561 1174 666 1258 potest
676 1195 712 1238 eo
724 1176 861 1255 exigere,
878 1194 948 1255 qnae
959 1194 1026 1237 non
1033 1181 1103 1237 sunt
1111 1191 1203 1236 neccs-

249 1279 330 1340 saria
344 1279 383 1338 ad
398 1279 493 1338 finem
509 1293 619 1351 suum;
637 1279 707 1337 tum
724 1275 798 1352 quia
812 1275 914 1337 statui
929 1291 994 1336 non
1007 1273 1155 1353 competit
1164 1272 1204 1350 jus
1274 1325 1275 1330 ,

249 1375 482 1437 determinandi
496 1391 531 1434 ea
546 1390 616 1451 quae
627 1372 787 1452 pertinent
802 1373 841 1432 ad
857 1373 1002 1433 ordinem
1015 1370 1203 1450 superiorem.
1274 1405 1275 1414 ÷

287 1471 401 1555 Regula
419 1474 449 1532 3⁸
464 1491 471 1531 :
487 1473 547 1531 Res
563 1470 671 1531 mixtae
685 1467 725 1529 ab
743 1474 875 1549 utraque
892 1475 1048 1548 potestate
1061 1467 1205 1529 absolvun-
1274 1459 1275 1512 ἶ

195 1649 198 1652 ἦ
248 1568 550 1646 turmodoutriqne
569 1567 920 1646 partiaccommodato.
937 1569 975 1629 V.
994 1586 1024 1646 g.
1041 1582 1139 1628 causo
1155 1579 1205 1623 ma·
1274 1569 1275 1588 ³

157 1739 160 1746 ,
249 1665 445 1726 trimoniales
458 1665 504 1726 ita
516 1666 718 1728 secernendae
731 1670 815 1740 sunt,
832 1669 865 1725 ut
889 1665 973 1742 leges
993 1666 1205 1725 sacromentum

250 1762 456 1840 respicientes
471 1763 510 1823 ab
531 1763 674 1824 Ecclesia
694 1765 845 1838 ferantur,
866 1763 971 1824 Status
986 1779 1061 1824 vero
1076 1758 1205 1823 determi·
1274 1763 1275 1846 t

249 1864 304 1920 net
317 1859 446 1921 effectus
460 1877 546 1922 merc
560 1861 679 1922 civiles.
1274 1853 1275 1902 ¹

289 1959 318 2018 E.
335 1957 567 2020 Jurc'Ecclest'oe
580 1958 812 2020 determinantur
825 1977 862 2018 ec
876 1957 1027 2018 voluntate
1038 1954 1150 2032 Christi,
1162 1951 1202 2031 qui

252 2072 322 2116 eam
351 2055 515 2116 constituit
539 2056 625 2118 velut
652 2056 839 2118 societatem
862 2056 1048 2135 perfectam,
1070 2059 1134 2116 tum
1151 2067 1204 2111 res·

252 2156 348 2230 pectu
361 2152 554 2214 Hierarchiae
573 2169 792 2232 personarum,
809 2153 842 2212 in
858 2152 974 2230 quibus
983 2156 1122 2231 potestas
1133 2145 1205 2226 spiri·
1274 2143 1275 2222 ἶ

251 2247 345 2308 tualis
360 2248 515 2324 resideat3
538 2254 608 2311 tum
622 2254 770 2329 respectu
786 2248 971 2327 multiplicis
989 2247 1146 2328 potcstatis
1162 2259 1204 2303 sen

252 2345 433 2406 mediorum
469 2345 583 2424 quibus
617 2348 715 2408 finem
741 2363 834 2407 suum
862 2353 1059 2425 assequatur.
1090 2339 1204 2404 Proinde

251 2443 400 2506 Summus
413 2443 567 2520 Pontifex,
583 2443 731 2522 Episcopi
745 2449 776 2505 et
788 2443 895 2504 caeteri
906 2445 1022 2522 gradus
1038 2436 1203 2504 Hierarchia

249 2557 337 2602 suam
358 2546 548 2621 potestatam
567 2539 667 2602 libere
683 2557 830 2602 exercere
850 2540 978 2615 dehent,
998 2542 1074 2621 quin
1087 2539 1202 2619 potestas

239 2638 350 2700 *civilis
360 2639 393 2699 in
411 2639 554 2716 ipsorum
570 2636 782 2698 ministerium
801 2653 868 2698 sese
884 2637 1020 2716 ingerat.

39 2833 42 2837 ’
83 2827 120 2850 κ
305 2847 419 2906 ansmo
435 2849 468 2895 2³.
481 2872 510 2880 -
520 2847 669 2894 Motmemx
683 2856 807 2893 cessorem
822 2857 1028 2895 rnnseennrmmn
1041 2849 1157 2895 Ecctestn.

270 3020 313 3114 ‚¹⁸
333 3016 561 3088 independentia
574 3016 707 3074 Ecclesiae
722 3017 823 3088 ,quoad
836 3018 1040 3087 magisterium
1053 3021 1081 3074 et
1095 3011 1205 3072 ministe·

253 3117 341 3160 rrum.

290 3193 316 3245 2
336 3191 473 3250 Liberum
485 3195 656 3251 exercitium
662 3194 886 3266 jurisdictionis.

280 3279 317 3342 23.
335 3279 404 3337 Jura
420 3283 554 3340 Ecclesiae
573 3283 668 3356 quoad
688 3300 824 3358 personas
845 3285 965 3342 othone
986 3285 1041 3358 ipsi
1057 3272 1205 3340 necessarie·
