2590 4262
590 195 595 217 ,
902 195 906 202 .

213 260 267 306 2⁰6
381 255 537 302 expostulo
559 254 735 300 uunuoolch
757 253 840 299 rums
862 251 1017 298 canorum.

205 375 517 461 ‘roganturseorsim3
532 373 714 438 testimonia
733 373 938 452 proferuntur
949 371 1044 447 clare,
1058 375 1209 434 confor·
1278 361 1279 418 ἶ

213 473 305 538 miter
327 469 578 551 interrogationi,
594 470 663 531 viva
684 487 780 544 voce;
804 467 965 529 anotario
989 465 1065 547 ipsis
1084 467 1204 530 verbis
1278 493 1279 548 3

212 571 341 637 testium
350 575 551 633 annotantur.
562 563 1206 648 uxamineperaeto,testimoniareoepta
1278 587 1279 630 1

213 669 424 750 publicantur,
440 672 470 728 et
485 664 680 747 litigantibus
693 666 915 738 ostenduntur,
929 667 964 723 ut
976 662 1097 741 possint
1109 683 1201 744 pro·
1278 669 1279 716 ξ

213 768 294 830 lerre
304 765 413 846 siquid
423 763 561 826 habeant
575 765 802 843 opponendum
818 761 873 843 (l).
1278 771 1279 844 ᾗ

253 870 283 926 4.
310 863 510 924 Instrumenta
540 859 690 924 dicuntur
717 859 883 939 scripturae
912 865 952 924 ad
985 860 1198 944 probandum

216 963 349 1024 idoneae.
374 961 453 1022 Sunt
471 957 608 1038 publicae
629 959 679 1020 vel
704 956 844 1038 privatae.
869 961 1199 1038 Publieaeapersona

216 1056 342 1138 publica
366 1056 543 1117 seeundum
568 1053 744 1134 legitimam
766 1055 904 1117 formam
917 1041 1147 1130 conficiuntur,
1167 1073 1195 1116 v.

216 1176 246 1236 g.
269 1155 476 1217 instrumenta
497 1151 652 1215 auctario
671 1153 731 1213 rite
746 1153 903 1229 conlecta,
930 1161 1000 1217 acta
1009 1150 1194 1235 judicialia,
1278 1149 1279 1172 ³

218 1251 381 1332 scripturae
397 1250 498 1330 sigillo
521 1248 670 1327 llpiscopi
686 1249 872 1328 obsignatae,
889 1251 963 1312 libri
982 1249 1196 1330 parochiales.

219 1350 349 1413 Privatae
368 1349 533 1424 scripturae
552 1363 570 1406 a
587 1343 714 1424 privatis
734 1347 880 1425 personis
895 1348 1089 1425 scribuntur,
1114 1367 1145 1410 v.
1165 1366 1197 1426 g.

219 1447 372 1528 epistola,
386 1442 607 1522 chirographa.

257 1546 403 1606 Jamvero
423 1541 551 1620 publica
573 1533 782 1602 instrumenta
802 1542 898 1604 fidem
912 1545 1043 1622 plenam
1057 1542 1194 1620 faciunt,

220 1643 322 1702 donec
344 1637 496 1718 probetur
519 1635 731 1712 contrarium;
755 1655 830 1699 nam
850 1657 908 1718 pro
930 1639 1061 1702 veritate
1077 1642 1197 1702 instru-

219 1736 318 1800 menti
335 1735 449 1797 militat
469 1737 585 1814 duplex
600 1737 819 1815 praesumptio,
835 1739 934 1798 altera
948 1755 986 1798 ex
1007 1737 1196 1801 auctoritate

127 1883 131 1892 .
220 1833 347 1914 publiea
369 1832 546 1909 scribentis,
572 1834 671 1896 altera
697 1851 735 1896 ex
759 1833 1013 1896 solemnitatibus
1045 1833 1198 1915 legitimis

220 1949 290 2013 quae
303 1929 515 2010 suspicionem
528 1931 647 1992 fraudis
663 1937 836 1995 removent.
851 1931 1071 2011 Requiruntur
1088 1937 1196 1994 antem

223 2028 387 2108 scripturae
409 2027 564 2107 genuinae,
584 2025 735 2108 legitima
752 2033 784 2090 et
806 2030 1022 2108 autographae.
1048 2026 1196 2090 Genuinae

223 2125 440 2206 intelliguntur
468 2145 539 2205 quae
563 2145 626 2188 non
659 2131 732 2188 sunt
761 2125 933 2206 suppositae
961 2143 1066 2206 neque
1086 2126 1195 2198 falsae3
1278 2187 1279 2212 ,

224 2222 373 2302 legitimae
394 2222 542 2286 dicuntur
555 2242 627 2303 quae
650 2225 830 2286 secundum
846 2222 930 2302 leges
944 2213 1099 2286 confecta
1113 2228 1193 2297 sunt,

224 2337 298 2383 nam
321 2325 409 2383 actus
428 2339 465 2383 ex
482 2323 608 2384 delectu
621 2323 732 2383 formu
747 2320 960 2382 substantialis
976 2341 992 2382 a
1007 2321 1130 2402 legibus
1144 2337 1194 2382 re·
1278 2337 1279 2352 ¹

225 2417 349 2498 quisitae
376 2418 504 2480 corruit.
533 2418 757 2482 Desiderantur
787 2421 991 2499 autographae
1019 2437 1075 2481 seu
1103 2417 1195 2500 origi-
1278 2419 1279 2496 g

225 2517 329 2591 nales3
351 2515 468 2578 etenim
482 2518 629 2596 exemplo
640 2515 806 2579 nonfacile
825 2516 976 2592 creditur,
991 2515 1049 2577 nisi
1065 2533 1123 2595 per
1138 2533 1194 2593 pu·

226 2613 342 2676 blicam
356 2631 522 2692 personam
534 2632 572 2676 ex
582 2607 728 2694 originali
743 2615 947 2694 desumptum
959 2615 1064 2690 luerit,
1081 2618 1196 2675 etcum
1278 2643 1279 2648 ι

225 2712 280 2773 illo
292 2712 391 2791 probe
408 2710 581 2775 conveniat.
820 2700 822 2704 ’

265 2809 427 2889 Scriptura
444 2809 574 2889 privata,
594 2808 684 2888 cnjus
705 2808 819 2872 veritas
836 2815 1000 2888 comperta
1014 2814 1073 2884 est,
1089 2816 1196 2870 eontra

226 2906 418 2970 scribentem
436 2907 559 2986 probat.
580 2894 777 2982 Regulariter
801 2905 878 2968 nihil
898 2907 1013 2986 prohat
1038 2924 1099 2984 pro
1126 2904 1198 2968 sori-

226 3003 340 3080 bente;
356 3003 557 3085 excipiuntur
571 3003 645 3064 libri
659 3010 875 3066 mercatorum
888 3003 1010 3066 ratione
1024 3002 1190 3073 sociorum,

122 3160 124 3166 .
228 3107 259 3164 et
273 3101 428 3182 scriptura
445 3101 564 3182 privata
577 3101 678 3166 tribus
692 3101 825 3164 testibus
840 3101 972 3165 munita.

269 3201 299 3258 5.
315 3199 512 3281 Praesumptio
525 3205 572 3262 est
581 3199 748 3281 conjectura
757 3199 939 3261 rationabilis
953 3217 1040 3280 super
1054 3217 1088 3259 re
1103 3197 1193 3272 dubria,
1278 3281 1279 3284 Ἴ

227 3296 396 3375 provectius
416 3317 453 3358 ec
473 3297 584 3359 iudiciis
601 3298 769 3380 frequenter
780 3298 913 3359 connexis
925 3317 990 3358 cum
1004 3297 1128 3357 ueritate
1147 3295 1194 3356 rei.
1278 3367 1279 3374 ἵ

238 3391 446 3456 -Dividitur
459 3394 490 3455 in
503 3394 789 3474 praesumptionem
806 3395 876 3476 lepis
889 3399 920 3457 et
934 3393 1070 3454 hominis.
1278 3383 1279 3390 '

265 3525 298 3586 (1)
314 3523 483 3574 Decrelulr'um
494 3527 538 3579 lib.
548 3527 579 3590 Il,
590 3529 632 3578 tit.
650 3543 693 3590 xx,
706 3527 737 3577 de
756 3527 866 3577 Testibus
881 3530 905 3578 et
919 3523 1131 3578 attestationibus.

264 3604 299 3670 (2)
315 3601 518 3667 loid.,tit.xx11,
534 3606 566 3655 de
578 3607 640 3656 uiae
657 3608 888 3658 instrumentorum.
1278 3613 1279 3680 l
