2604 4264
471 239 545 284 PARS
567 239 730 288 succinus.
1034 250 1087 295 ¹95

30 367 31 390 ³
102 362 335 436 consequatur.
365 357 510 418 Jamvero
532 374 684 436 processus
706 358 883 436 appellatur
906 360 965 424 iste
994 365 1084 438 ordo,

102 471 163 515 seu
174 453 291 516 idonea
301 450 616 530 dispositioactorum
624 452 1005 531 judicialiumsecuudum
1016 477 1085 523 eam

102 551 247 613 sormam
260 567 356 630 quam
371 550 456 628 leges
466 550 709 612 constituerunt.

143 689 215 742 Anu.
228 689 249 742 1.
277 686 317 742 De
332 699 467 756 processu
481 683 569 740 civili.

143 773 213 828 Asu.
228 773 260 827 11.
274 771 315 826 De
330 784 466 841 processu
479 768 640 825 criminali.

470 987 690 1045 ARTICULUS
709 990 723 1043 1

416 1165 454 1204 DE
480 1165 636 1210 PROCESSU
661 1165 777 1208 etvini.

148 1325 226 1386 'ires
242 1330 315 1386 sunt
329 1325 525 1404 judiciorum
540 1336 656 1409 partes,
671 1331 819 1394 videlicet
838 1335 867 1393 1ο
881 1332 1007 1394 initium
1022 1351 1085 1412 quo

107 1422 311 1484 introducitur
329 1441 437 1500 causa3
459 1429 490 1486 2⁰
513 1427 655 1490 medium
677 1448 740 1508 quo
762 1430 939 1507 instruitur;
961 1430 992 1492 3⁰
1014 1429 1085 1491 finis

108 1537 177 1598 quo
191 1518 349 1583 dirimitur.

145 1664 163 1727 ἓ
183 1665 211 1716 1.
234 1662 272 1717 De
287 1662 499 1720 introductione
519 1679 622 1722 ccusae.

143 1753 160 1816 fi
177 1753 208 1806 2.
232 1751 361 1807 Deillius
375 1753 577 1810 instructione.

141 1841 158 1904 §
179 1839 209 1894 3.
233 1839 272 1894 lie
285 1841 440 1897 sententis.

345 2059 360 2122 ἓ
377 2059 402 2110 1.
420 2087 449 2096 -
465 2059 503 2112 be
519 2059 730 2113 introductione
752 2062 850 2113 ceusu.

106 2217 108 2224 '
146 2230 171 2282 t.
191 2226 229 2281 De
240 2225 341 2282 libello
360 2232 389 2284 et
401 2228 547 2285 citatione.

144 2313 171 2365 2.
191 2310 229 2366 De
243 2311 459 2382 exceptionibus
474 2316 503 2368 et
523 2313 633 2370 mutuis
644 2313 842 2386 petitionibus.

141 2397 170 2450 3.
190 2394 230 2450 De
242 2395 344 2452 ordine
362 2397 571 2467 cognitionum.

399 2606 419 2653 1.
437 2603 471 2654 De
485 2596 566 2656 libello
578 2611 604 2656 et
617 2605 734 2658 citatione
749 2605 759 2670 (
775 2609 795 2670 ).

107 2855 114 2863 ‘
147 2778 172 2838 1.
185 2777 314 2840 libellus
324 2785 371 2840 est
383 2778 484 2841 brevis
494 2780 650 2861 scriptura
662 2783 828 2847 continens
839 2777 1083 2844 claramactoris

107 2875 327 2939 intentionem.
344 2877 456 2939 Tribus
469 2878 612 2957 partibus
628 2887 763 2956 constat,
780 2897 896 2957 nempe
915 2876 1084 2938 ncrrctr'ouc

108 2975 195 3051 iacti,
222 2974 314 3036 medio
340 2977 562 3052 concludendi,
588 2981 620 3039 et
644 2978 712 3056 ipsa
732 2976 882 3058 petitione.
906 2971 1083 3035 Narrationi

106 3071 744 3153 premittiturnomencommunejudicis,
755 3080 909 3136 etnomen
917 3072 1082 3152 proprium

106 3172 226 3232 actoris
236 3177 268 3234 et
279 3173 336 3234 rei.
352 3174 493 3234 Medium
507 3172 722 3235 concludendi
735 3176 782 3233 est
796 3178 889 3232 ca'usa
900 3187 938 3232 ex
950 3187 1012 3250 que
1027 3187 1083 3250 pe·

108 3267 197 3330 titur.
213 3269 382 3332 Conclusio
395 3271 519 3349 estipse
528 3269 641 3349 petitio
652 3269 779 3345 actoris,
794 3261 856 3348 quc
867 3269 1081 3350 exponitquid

106 3363 169 3426 sibi
183 3383 202 3426 a
212 3365 321 3445 judice
334 3366 432 3430 tribui
443 3368 529 3430 velit.

138 3552 171 3616 (1)
180 3554 348 3606 Decretclium
358 3557 400 3606 lib.
417 3556 450 3620 li,
461 3555 499 3608 tit.
513 3569 553 3622 111,
567 3555 598 3608 cic
607 3554 700 3608 titolo·
709 3554 843 3608 oblatione.
877 3521 881 3530 ¹
