2594 4286
470 315 542 360 etus
565 315 727 362 spectatis.
741 335 742 340 ¹

295 525 408 585 Qunsrro
430 529 464 577 1¹.
478 551 508 562 -
522 525 559 574 Da
575 537 674 575 scaonis
686 537 896 579 ususurrmnus.

143 683 167 743 l.
192 683 266 744 lam
285 680 458 760 antiquitus
481 687 623 761 pastores
641 683 792 746 Ecclesia
808 701 917 745 curam
934 703 1022 747 suam
1037 685 1086 747 in·

102 778 275 840 structioui
297 796 468 858 puerorum
483 780 720 858 applicuerunt.
741 781 838 859 Hujus
857 781 901 842 rei
920 783 1083 861 specimen

102 875 253 954 praebent
271 877 387 938 schola
407 877 558 953 minores,
574 879 657 956 apud
682 879 872 940 monasteria
894 883 926 940 et
948 879 1085 958 capitula

104 980 234 1048 crectae,
251 978 346 1052 atque
365 974 461 1034 etiam
483 974 548 1035 ruri
570 975 738 1046 institutae.
762 975 961 1054 Praeceptum
985 977 1085 1056 siqui·

103 1073 180 1134 dem
200 1079 279 1149 erat,
301 1078 338 1134 ut
356 1073 454 1134 cuivis
472 1073 613 1152 parocho
629 1072 764 1135 clericus
778 1073 1012 1152 adjungeretur,
1030 1076 1085 1156 qui

102 1172 258 1232 eumdem
274 1170 307 1231 in
323 1171 419 1232 sacris
437 1170 658 1256 functionibus·
669 1169 844 1250 adjuvaret,
861 1188 1037 1251 puerosque
1051 1173 1085 1233 in

102 1269 223 1332 scholis
244 1269 445 1332 informaret.
466 1271 544 1332 Eum
558 1267 764 1346 subsequenti
778 1274 870 1330 aetate
888 1287 925 1330 ex
939 1272 1085 1350 neglectu

101 1368 287 1430 scholarum
306 1366 481 1445 ignorantia
507 1374 538 1428 et
559 1383 685 1427 morum
708 1367 889 1446 corruptela
911 1367 944 1428 in
966 1371 1085 1448 populo
1124 1402 1126 1406 ·

103 1465 409 1544 deprehenderetur,
438 1464 611 1524 adiversis
639 1464 784 1526 conciliis
811 1471 939 1526 cautum
968 1471 1025 1542 est,
1050 1472 1086 1528 ut

102 1563 169 1626 illae
195 1563 313 1642 ubique
341 1581 398 1642 per
423 1562 566 1624 civitates
590 1567 623 1624 et
648 1579 745 1641 pagos
769 1561 1021 1625 instituerentur.
1049 1565 1085 1624 ln

102 1661 316 1723 commodum
345 1677 467 1736 eorum,
493 1660 546 1738 qui
568 1659 609 1722 ob
633 1659 758 1720 labores
787 1661 967 1738 corporales
988 1679 1006 1722 a
1026 1662 1086 1724 ire·

103 1757 314 1837 quentatione
323 1774 431 1818 earum
441 1756 674 1831 detinebantur,
685 1756 803 1818 scholae
816 1757 1022 1820 dominicales
1037 1759 1087 1818 in-

102 1855 225 1916 stitutae
237 1859 324 1916 sunt.
338 1857 454 1916 Omnes
467 1855 535 1914 istae
546 1854 664 1915 scholae
676 1852 911 1932 magistratibus
922 1855 1086 1918 ecclesias·

102 1952 180 2014 ticis
205 1951 327 2013 ratione
344 1951 530 2014 visitationis
544 1957 576 2013 et
595 1950 802 2030 inspectionis
815 1951 961 2035 ohnoxiae
980 1960 1081 2031 erant,

102 2069 122 2112 a
146 2051 265 2130 quibus
281 2051 376 2114 etiam
390 2050 600 2127 ludimagistri
624 2050 804 2110 assumendi
827 2050 1078 2130 examinantur..

143 2151 185 2212 ΙΙ.
203 2150 356 2223 Ecclesia,
382 2167 454 2228 quse
473 2167 491 2210 a
510 2147 634 2211 Christo
651 2148 738 2225 jussa
759 2151 806 2208 cst
826 2166 935 2210 omnes
954 2149 986 2209 in
1001 2149 1083 2212 viam

102 2247 217 2308 salutis
234 2246 381 2326 dirigere,
403 2264 468 2308 non
487 2251 592 2325 potest
605 2264 671 2308 non
686 2244 823 2307 maxime
839 2245 899 2307 sibi
916 2247 1005 2308 cordi
1027 2249 1084 2308 ha·

102 2345 184 2406 bere
196 2350 314 2406 tenerae
324 2343 497 2423 juventutis
513 2347 578 2404 tam
597 2343 630 2402 in
649 2341 735 2417 fldei,
750 2361 844 2422 quam
860 2343 892 2404 in
906 2343 1084 2407 litterarum

101 2443 297 2505 rudimentis
307 2440 552 2514 institutionem,
565 2440 833 2520 christianamque
846 2435 1080 2506 educationem.

101 2542 179 2620 Ipsa
194 2540 308 2602 merito
322 2540 504 2602 scholarum
518 2543 620 2600 mater
637 2544 796 2615 censetur,
811 2557 876 2602 non
892 2542 995 2602 solum
1011 2540 1084 2619 quia

103 2638 226 2700 scholis
238 2637 419 2700 christianis
428 2641 534 2700 ortum
547 2636 647 2710 dedit,
662 2637 826 2698 sedetiam
840 2638 913 2717 quia
924 2638 1009 2700 illius
1022 2643 1080 2712 est,

102 2737 263 2799 continno
277 2753 328 2798 eas
339 2737 442 2798 fovere
452 2733 564 2796 etfidei
574 2733 685 2812 spiritu
694 2733 836 2796 imbuere
849 2752 884 2796 ac
894 2736 1013 2796 nutrire
1027 2734 1078 2813 (l).

152 2855 168 2892 r
189 2835 266 2895 Cum
289 2834 459 2914 populares
479 2831 596 2892 scholae
614 2831 654 2890 ad
672 2833 828 2910 populum
851 2831 996 2911 religiose
1019 2832 1082 2893 ior-

104 2933 272 3008 mandum,
295 2934 425 3012 ejusque
447 2923 605 3014 pietatem
619 2930 881 3006 fovendamsunt
903 2928 1081 3008 praesertim

105 3035 245 3105 statutas,
260 3027 381 3091 idcirco
396 3044 524 3089 omnem
536 3016 688 3088 Ecclesiae
701 3043 821 3100 curam,
834 3025 1082 3088 sollicitudinem

105 3135 141 3190 et
154 3125 346 3208 vigilantiam
361 3124 421 3186 sibi
434 3123 548 3186 merito
563 3140 689 3200 semper
700 3122 909 3186 vindicarunt.
927 3127 973 3186 Ac
982 3143 1082 3205 prop·

103 3230 196 3287 terea
209 3221 340 3286 consilia
354 3227 552 3299 conatusque
566 3217 697 3280 arcendi
716 3236 734 3279 a
747 3218 951 3298 popularibus
964 3223 1081 3285 scholis

103 3321 258 3385 Ecclesia
272 3325 461 3400 potestatem
474 3315 721 3396 proficiscuntur
731 3334 768 3378 ex
778 3316 883 3380 studio
898 3318 1083 3397 extinguen-

106 3419 140 3483 di
159 3421 193 3480 in
210 3416 336 3498 populis
358 3415 499 3478 divinum
516 3413 592 3481 fidei
615 3415 734 3476 lumen.
757 3416 911 3489 Quocirca
926 3416 1079 3493 Ecclesia,

106 3536 179 3600 quae
194 3517 324 3581 easdem
338 3513 479 3576 fundarit
499 3513 634 3589 scholas,
654 3529 777 3575 summa
798 3531 875 3576 cura
889 3531 941 3576 eas
956 3531 1082 3594 semper

109 3627 113 3640 Ι
136 3677 170 3740 <tl
184 3673 351 3733 Deerelclrirm
365 3671 407 3722 lib.
423 3673 453 3735 v,
469 3643 509 3722 tit.
520 3685 546 3735 v,
559 3670 591 3722 de
601 3670 742 3735 Mopislrri.
825 3691 826 3696 =
900 3681 901 3684 ¹
