2604 4264
477 339 551 386 PARS
572 340 736 392 eraclius

439 580 702 654 Turullius
733 582 765 652 ll

295 768 344 819 De
361 739 465 821 robus
483 770 728 836 temporalibus
745 771 917 827 lloolestae.

125 905 128 910 ⁵
153 927 326 984 Dissanrlrro
341 929 362 985 l.
390 929 429 985 De
441 929 524 986 honis
538 929 672 988 Ecclesia
685 930 717 987 in
731 945 848 1002 genere.

154 1018 329 1074 Dissuarario
342 1019 376 1075 ll.
389 1019 428 1076 De
441 1018 524 1075 honis
539 1019 673 1076 Ecclesiae
689 1020 720 1076 in
735 1021 842 1092 specie.

448 1233 763 1303 massarium
818 1196 820 1201 ’

341 1419 381 1466 ΒΕ
404 1419 492 1467 Bonis
514 1420 662 1468 numnam
685 1421 716 1467 IN
739 1421 866 1467 GENERE.

153 1563 245 1619 Gnur
273 1565 295 1620 Ι.
318 1565 356 1620 De
367 1567 434 1634 jure
447 1565 580 1622 Ecclesia
597 1566 635 1622 ad
651 1566 873 1637 acquirendum.

154 1649 296 1708 Carur‘ll.
314 1654 354 1709 De
367 1654 588 1712 inviolabilitate
601 1655 746 1712 bonorum
757 1656 1029 1713 ecclesiastieorum.

151 1741 242 1798 Girur
254 1744 300 1800 lll.
315 1745 353 1800 lle
365 1744 512 1802 bonorum
526 1745 788 1803 ecclesiastieorum
800 1745 1051 1803 administratione
1064 1751 1094 1804 et

114 1830 308 1889 alienatione.

526 1972 655 2036 CAPUT
679 1973 693 2033 1

218 2114 269 2165 lle
282 2115 363 2173 ⁸lawe
377 2115 532 2166 neoterio
544 2115 741 2174 anquirendi
752 2118 786 2165 et
798 2116 993 2174 possideant.

149 2281 219 2337 Aur.
242 2282 264 2338 l.
292 2284 332 2338 De
341 2281 409 2354 jure
426 2284 557 2340 Ecclesia
571 2283 607 2340 ad
625 2283 847 2354 acquirendum.

150 2370 220 2426 Ans.
240 2371 276 2426 11.
295 2371 335 2428 De
349 2372 480 2442 subjecto
492 2372 614 2430 dominii
628 2372 826 2430 ecelesiastici.

469 2563 689 2618 anniculus
707 2565 720 2636 1

344 2714 378 2752 DE
391 2715 456 2754 luna
469 2715 648 2756 tetensteten
665 2715 867 2762 aconiaauuuu.

156 2859 181 2921 1.
196 2857 339 2920 Eectesioe
357 2861 493 2941 competit
506 2863 561 2943 jus
577 2861 754 2944 acquirendi,
770 2867 838 2924 tum
858 2876 896 2920 ex
912 2857 984 2937 jure
1007 2862 1097 2920 natu·

117 2954 187 3031 rali,
204 2961 274 3018 tum
290 2972 327 3017 ex
337 2957 406 3035 jure
420 2956 527 3020 divino
538 2960 686 3038 positivo.

158 3053 254 3116 Proh.
273 3056 301 3115 l.
329 3052 385 3115 Ex
406 3055 476 3136 jure
490 3057 633 3118 natarali.
652 3053 761 3118 Omnis
789 3050 933 3127 sociatae,
956 3051 1006 3113 cui
1023 3057 1097 3115 sunt

119 3169 215 3213 onera
233 3153 364 3213 ferenda
376 3157 410 3214 et
424 3159 570 3232 sumptus
590 3149 738 3225 faciendi,
763 3149 858 3211 hahet
877 3149 929 3228 jus
952 3149 992 3210 ad
1014 3148 1099 3211 bona

118 3255 150 3311 et
159 3249 280 3312 reditus
293 3252 496 3330 temporales,
509 3252 576 3313 sine
587 3249 702 3330 quihus
717 3249 830 3310 eadem
843 3264 939 3309 onera
951 3245 1096 3310 sustineri

117 3353 293 3424 nequeunt.
321 3348 419 3426 Atqui
447 3347 598 3423 Ecclesia,
622 3354 774 3426 tanquam
799 3347 934 3409 societas
955 3344 1095 3420 visibilis,

117 3442 211 3506 bonis
225 3445 458 3508 sufficientibus
471 3444 656 3508 instruenda
668 3449 726 3518 est,
744 3449 779 3506 ut
793 3444 895 3506 cultus
909 3443 1033 3504 divinus
1046 3458 1097 3504 ee·

117 3540 269 3620 lebretur,
283 3548 476 3606 sustentetur
490 3546 605 3620 clerus,
623 3548 654 3605 et
666 3558 821 3622 pauperes
835 3547 998 3604 curentur.
1014 3539 1096 3600 llino

117 3637 259 3703 Ecclesia
277 3659 315 3704 eo
324 3641 396 3720 jure
406 3642 548 3710 donatur
562 3659 601 3708 ex
613 3641 712 3722 ipsius
729 3645 842 3702 natura
860 3645 892 3702 et
918 3635 1093 3700 existentia.
1158 3727 1163 3738 .
