<?xml version="1.0" encoding="UTF-8"?>
<!DOCTYPE html PUBLIC "-//W3C//DTD XHTML 1.0 Transitional//EN"
    "http://www.w3.org/TR/xhtml1/DTD/xhtml1-transitional.dtd">
<html xmlns="http://www.w3.org/1999/xhtml" xml:lang="en" lang="en">
 <head>
  <title>
</title>
<meta http-equiv="Content-Type" content="text/html;charset=utf-8" />
  <meta name='ocr-system' content='tesseract 3.04.00' />
  <meta name='ocr-capabilities' content='ocr_page ocr_carea ocr_par ocr_line ocrx_word'/>
</head>
<body>
  <div class='ocr_page' id='page_1' title='image "./expositiomethod01hugugoog_0017.png"; bbox 0 0 2594 4286; ppageno 0'>
   <div class='ocr_carea' id='block_1_1' title="bbox 10 330 30 363">
    <p class='ocr_par' dir='ltr' id='par_1_1' title="bbox 10 330 30 363">
     <span class='ocr_line' id='line_1_1' title="bbox 10 330 30 363; baseline 0 0"><span class='ocrx_word' id='word_1_1' title='bbox 10 349 11 354; x_wconf 65' lang='lat'>,</span> <span class='ocrx_word' id='word_1_2' title='bbox 22 330 30 363; x_wconf 83' lang='lat' dir='ltr'><strong>r</strong></span> 
     </span>
    </p>
   </div>
   <div class='ocr_carea' id='block_1_2' title="bbox 226 317 1035 367">
    <p class='ocr_par' dir='ltr' id='par_1_2' title="bbox 226 317 1035 367">
     <span class='ocr_line' id='line_1_2' title="bbox 226 317 1035 367; baseline 0.004 -3"><span class='ocrx_word' id='word_1_3' title='bbox 226 320 240 364; x_wconf 77' lang='lat'>⁶</span> <span class='ocrx_word' id='word_1_4' title='bbox 399 319 554 366; x_wconf 74' lang='lat' dir='ltr'><strong>oxeoslrlo</strong></span> <span class='ocrx_word' id='word_1_5' title='bbox 575 319 753 366; x_wconf 70' lang='lat' dir='ltr'><strong>unrfloolct</strong></span> <span class='ocrx_word' id='word_1_6' title='bbox 774 317 857 363; x_wconf 77' lang='lat' dir='ltr'><strong>tultis</strong></span> <span class='ocrx_word' id='word_1_7' title='bbox 879 318 1035 367; x_wconf 74' lang='lat' dir='ltr'><strong>canotum.</strong></span> 
     </span>
    </p>
   </div>
   <div class='ocr_carea' id='block_1_3' title="bbox 224 435 1201 808">
    <p class='ocr_par' dir='ltr' id='par_1_3' title="bbox 224 435 1201 808">
     <span class='ocr_line' id='line_1_3' title="bbox 224 435 1201 518; baseline -0.004 -18"><span class='ocrx_word' id='word_1_8' title='bbox 224 443 340 513; x_wconf 85' lang='lat' dir='ltr'><strong>tatem;</strong></span> <span class='ocrx_word' id='word_1_9' title='bbox 365 441 552 514; x_wconf 84' lang='lat' dir='ltr'><strong>seeundum,</strong></span> <span class='ocrx_word' id='word_1_10' title='bbox 575 435 834 518; x_wconf 83' lang='lat' dir='ltr'><strong>eoncupiscentia</strong></span> <span class='ocrx_word' id='word_1_11' title='bbox 848 435 1044 498; x_wconf 85' lang='lat' dir='ltr'><strong>sensibilium</strong></span> <span class='ocrx_word' id='word_1_12' title='bbox 1061 437 1201 498; x_wconf 83' lang='lat' dir='ltr'><strong>delecta-</strong></span> 
     </span>
     <span class='ocr_line' id='line_1_4' title="bbox 225 533 1197 615; baseline -0.002 -19"><span class='ocrx_word' id='word_1_13' title='bbox 225 533 349 597; x_wconf 84' lang='lat' dir='ltr'><strong>tionum</strong></span> <span class='ocrx_word' id='word_1_14' title='bbox 379 555 450 615; x_wconf 81' lang='lat' dir='ltr'><strong>quae</strong></span> <span class='ocrx_word' id='word_1_15' title='bbox 476 543 679 598; x_wconf 86' lang='lat' dir='ltr'><strong>removentur</strong></span> <span class='ocrx_word' id='word_1_16' title='bbox 704 533 879 615; x_wconf 85' lang='lat' dir='ltr'><strong>praesertim</strong></span> <span class='ocrx_word' id='word_1_17' title='bbox 907 551 964 614; x_wconf 87' lang='lat' dir='ltr'><strong>per</strong></span> <span class='ocrx_word' id='word_1_18' title='bbox 998 535 1197 608; x_wconf 81' lang='lat' dir='ltr'><strong>castitatem3</strong></span> 
     </span>
     <span class='ocr_line' id='line_1_5' title="bbox 224 632 1201 712; baseline -0.002 -16"><span class='ocrx_word' id='word_1_19' title='bbox 224 635 364 708; x_wconf 87' lang='lat' dir='ltr'><strong>tertium,</strong></span> <span class='ocrx_word' id='word_1_20' title='bbox 396 632 587 696; x_wconf 84' lang='lat' dir='ltr'><strong>inordinatio</strong></span> <span class='ocrx_word' id='word_1_21' title='bbox 616 632 785 695; x_wconf 83' lang='lat' dir='ltr'><strong>voluntatis</strong></span> <span class='ocrx_word' id='word_1_22' title='bbox 811 650 882 711; x_wconf 82' lang='lat' dir='ltr'><strong>quae</strong></span> <span class='ocrx_word' id='word_1_23' title='bbox 906 651 965 712; x_wconf 89' lang='lat' dir='ltr'><strong>per</strong></span> <span class='ocrx_word' id='word_1_24' title='bbox 985 632 1201 695; x_wconf 87' lang='lat' dir='ltr'><strong>obedientiam</strong></span> 
     </span>
     <span class='ocr_line' id='line_1_6' title="bbox 225 727 1200 808; baseline -0.001 -18"><span class='ocrx_word' id='word_1_25' title='bbox 225 728 413 791; x_wconf 80' lang='lat' dir='ltr'><strong>excluditur.</strong></span> <span class='ocrx_word' id='word_1_26' title='bbox 426 765 466 775; x_wconf 93' lang='lat'><em>-</em></span> <span class='ocrx_word' id='word_1_27' title='bbox 477 733 551 792; x_wconf 85' lang='lat' dir='ltr'><strong>Haeo</strong></span> <span class='ocrx_word' id='word_1_28' title='bbox 564 729 624 791; x_wconf 88' lang='lat' dir='ltr'><strong>tria</strong></span> <span class='ocrx_word' id='word_1_29' title='bbox 636 729 865 808; x_wconf 89' lang='lat' dir='ltr'><strong>impedimenta</strong></span> <span class='ocrx_word' id='word_1_30' title='bbox 875 727 1047 808; x_wconf 87' lang='lat' dir='ltr'><strong>designarit</strong></span> <span class='ocrx_word' id='word_1_31' title='bbox 1059 731 1090 790; x_wconf 88' lang='lat' dir='ltr'><strong>S.</strong></span> <span class='ocrx_word' id='word_1_32' title='bbox 1105 732 1122 792; x_wconf 86' lang='lat' dir='ltr'>J</span> <span class='ocrx_word' id='word_1_33' title='bbox 1126 748 1200 791; x_wconf 86' lang='lat' dir='ltr'><strong>oan-</strong></span> 
     </span>
    </p>
   </div>
   <div class='ocr_carea' id='block_1_4' title="bbox 175 825 1201 908">
    <p class='ocr_par' dir='ltr' id='par_1_4' title="bbox 175 825 1201 908">
     <span class='ocr_line' id='line_1_7' title="bbox 175 825 1201 908; baseline 0.001 -21"><span class='ocrx_word' id='word_1_34' title='bbox 175 849 177 854; x_wconf 87' lang='lat'><em>·</em></span> <span class='ocrx_word' id='word_1_35' title='bbox 222 845 279 889; x_wconf 89' lang='lat' dir='ltr'><strong>nes</strong></span> <span class='ocrx_word' id='word_1_36' title='bbox 294 826 340 888; x_wconf 89' lang='lat' dir='ltr'><strong>his</strong></span> <span class='ocrx_word' id='word_1_37' title='bbox 356 826 480 889; x_wconf 89' lang='lat' dir='ltr'><strong>verbis:</strong></span> <span class='ocrx_word' id='word_1_38' title='bbox 503 827 593 888; x_wconf 79' lang='lat' dir='ltr'><strong>Omne</strong></span> <span class='ocrx_word' id='word_1_39' title='bbox 614 826 694 908; x_wconf 83' lang='lat' dir='ltr'><strong>quod</strong></span> <span class='ocrx_word' id='word_1_40' title='bbox 710 829 760 886; x_wconf 83' lang='lat' dir='ltr'><strong>est&#39;</strong></span> <span class='ocrx_word' id='word_1_41' title='bbox 776 826 807 886; x_wconf 82' lang='lat' dir='ltr'><strong>in</strong></span> <span class='ocrx_word' id='word_1_42' title='bbox 827 825 943 900; x_wconf 82' lang='lat' dir='ltr'><strong>muodo,</strong></span> <span class='ocrx_word' id='word_1_43' title='bbox 972 826 1201 908; x_wconf 70' lang='lat' dir='ltr'><strong>coucupiscentia</strong></span> 
     </span>
    </p>
   </div>
   <div class='ocr_carea' id='block_1_5' title="bbox 222 923 1202 1396">
    <p class='ocr_par' dir='ltr' id='par_1_5' title="bbox 222 923 1202 1396">
     <span class='ocr_line' id='line_1_8' title="bbox 222 923 1109 1006; baseline 0.002 -21"><span class='ocrx_word' id='word_1_44' title='bbox 222 925 377 1001; x_wconf 76' lang='lat' dir='ltr'><strong>carattere,</strong></span> <span class='ocrx_word' id='word_1_45' title='bbox 392 933 420 986; x_wconf 87' lang='lat' dir='ltr'><strong>et</strong></span> <span class='ocrx_word' id='word_1_46' title='bbox 431 925 659 1006; x_wconf 78' lang='lat' dir='ltr'><strong>eoncupiscentia</strong></span> <span class='ocrx_word' id='word_1_47' title='bbox 673 923 823 984; x_wconf 79' lang='lat' dir='ltr'><strong>oculorum</strong></span> <span class='ocrx_word' id='word_1_48' title='bbox 836 931 864 984; x_wconf 86' lang='lat' dir='ltr'><strong>et</strong></span> <span class='ocrx_word' id='word_1_49' title='bbox 874 923 1013 1004; x_wconf 80' lang='lat' dir='ltr'><strong>superbio</strong></span> <span class='ocrx_word' id='word_1_50' title='bbox 1027 927 1109 987; x_wconf 85' lang='lat' dir='ltr'><strong>vr&#39;toe.</strong></span> 
     </span>
     <span class='ocr_line' id='line_1_9' title="bbox 262 1020 1202 1104; baseline 0.002 -21"><span class='ocrx_word' id='word_1_51' title='bbox 262 1021 352 1084; x_wconf 79' lang='lat' dir='ltr'><strong>Prot.</strong></span> <span class='ocrx_word' id='word_1_52' title='bbox 377 1026 408 1084; x_wconf 73' lang='lat'><strong>2¹</strong></span> <span class='ocrx_word' id='word_1_53' title='bbox 419 1043 505 1104; x_wconf 82' lang='lat' dir='ltr'><strong>pars.</strong></span> <span class='ocrx_word' id='word_1_54' title='bbox 529 1021 760 1086; x_wconf 85' lang='lat' dir='ltr'><strong>Sollicitudinis</strong></span> <span class='ocrx_word' id='word_1_55' title='bbox 775 1020 934 1084; x_wconf 85' lang='lat' dir='ltr'><strong>saeoularis</strong></span> <span class='ocrx_word' id='word_1_56' title='bbox 949 1020 1137 1101; x_wconf 86' lang='lat' dir='ltr'><strong>inquietudo</strong></span> <span class='ocrx_word' id='word_1_57' title='bbox 1152 1023 1202 1085; x_wconf 87' lang='lat' dir='ltr'><strong>in·</strong></span> 
     </span>
     <span class='ocr_line' id='line_1_10' title="bbox 223 1117 1201 1200; baseline -0.003 -18"><span class='ocrx_word' id='word_1_58' title='bbox 223 1119 343 1200; x_wconf 85' lang='lat' dir='ltr'><strong>geritur</strong></span> <span class='ocrx_word' id='word_1_59' title='bbox 355 1120 476 1182; x_wconf 90' lang='lat' dir='ltr'><strong>bomini</strong></span> <span class='ocrx_word' id='word_1_60' title='bbox 486 1119 572 1183; x_wconf 87' lang='lat' dir='ltr'><strong>eirea</strong></span> <span class='ocrx_word' id='word_1_61' title='bbox 585 1119 667 1183; x_wconf 88' lang='lat' dir='ltr'><strong>tria:</strong></span> <span class='ocrx_word' id='word_1_62' title='bbox 687 1125 716 1181; x_wconf 82' lang='lat'><strong>1⁰</strong></span> <span class='ocrx_word' id='word_1_63' title='bbox 733 1119 819 1182; x_wconf 87' lang='lat' dir='ltr'><strong>eirea</strong></span> <span class='ocrx_word' id='word_1_64' title='bbox 836 1117 1078 1197; x_wconf 74' lang='lat' dir='ltr'><strong>dispositionem</strong></span> <span class='ocrx_word' id='word_1_65' title='bbox 1092 1135 1201 1179; x_wconf 88' lang='lat' dir='ltr'><strong>rerum</strong></span> 
     </span>
     <span class='ocr_line' id='line_1_11' title="bbox 222 1217 1198 1297; baseline -0.004 -17"><span class='ocrx_word' id='word_1_66' title='bbox 222 1224 436 1294; x_wconf 85' lang='lat' dir='ltr'><strong>externarum,</strong></span> <span class='ocrx_word' id='word_1_67' title='bbox 450 1226 481 1281; x_wconf 91' lang='lat' dir='ltr'><strong>et</strong></span> <span class='ocrx_word' id='word_1_68' title='bbox 489 1219 547 1281; x_wconf 89' lang='lat' dir='ltr'><strong>ista</strong></span> <span class='ocrx_word' id='word_1_69' title='bbox 556 1217 736 1280; x_wconf 87' lang='lat' dir='ltr'><strong>sollicitudo</strong></span> <span class='ocrx_word' id='word_1_70' title='bbox 748 1235 804 1297; x_wconf 89' lang='lat' dir='ltr'><strong>per</strong></span> <span class='ocrx_word' id='word_1_71' title='bbox 811 1222 1030 1297; x_wconf 88' lang='lat' dir='ltr'><strong>paupertatem</strong></span> <span class='ocrx_word' id='word_1_72' title='bbox 1039 1218 1198 1289; x_wconf 87' lang='lat' dir='ltr'><strong>aufertur;</strong></span> 
     </span>
     <span class='ocr_line' id='line_1_12' title="bbox 222 1311 1200 1396; baseline -0.003 -18"><span class='ocrx_word' id='word_1_73' title='bbox 222 1311 255 1378; x_wconf 59' lang='lat'><strong>2⁰</strong></span> <span class='ocrx_word' id='word_1_74' title='bbox 277 1315 361 1378; x_wconf 88' lang='lat' dir='ltr'><strong>circa</strong></span> <span class='ocrx_word' id='word_1_75' title='bbox 383 1316 642 1396; x_wconf 85' lang='lat' dir='ltr'><strong>gubernationem</strong></span> <span class='ocrx_word' id='word_1_76' title='bbox 661 1315 767 1378; x_wconf 80' lang='lat' dir='ltr'><strong>irxoris</strong></span> <span class='ocrx_word' id='word_1_77' title='bbox 784 1322 816 1377; x_wconf 89' lang='lat' dir='ltr'><strong>et</strong></span> <span class='ocrx_word' id='word_1_78' title='bbox 828 1314 1012 1390; x_wconf 80' lang='lat' dir='ltr'><strong>liberorum,</strong></span> <span class='ocrx_word' id='word_1_79' title='bbox 1031 1333 1101 1394; x_wconf 83' lang='lat' dir='ltr'><strong>quae</strong></span> <span class='ocrx_word' id='word_1_80' title='bbox 1115 1312 1200 1376; x_wconf 91' lang='lat' dir='ltr'><strong>solli-</strong></span> 
     </span>
    </p>
   </div>
   <div class='ocr_carea' id='block_1_6' title="bbox 216 1411 1200 1494">
    <p class='ocr_par' dir='ltr' id='par_1_6' title="bbox 216 1411 1200 1494">
     <span class='ocr_line' id='line_1_13' title="bbox 216 1411 1200 1494; baseline -0.003 -19"><span class='ocrx_word' id='word_1_81' title='bbox 216 1413 329 1476; x_wconf 91' lang='lat' dir='ltr'><strong>·citudo</strong></span> <span class='ocrx_word' id='word_1_82' title='bbox 343 1432 401 1494; x_wconf 90' lang='lat' dir='ltr'><strong>per</strong></span> <span class='ocrx_word' id='word_1_83' title='bbox 412 1414 580 1476; x_wconf 86' lang='lat' dir='ltr'><strong>eonsilium</strong></span> <span class='ocrx_word' id='word_1_84' title='bbox 595 1413 749 1476; x_wconf 86' lang='lat' dir='ltr'><strong>eastitatis</strong></span> <span class='ocrx_word' id='word_1_85' title='bbox 760 1413 898 1487; x_wconf 90' lang='lat' dir='ltr'><strong>tollitur;</strong></span> <span class='ocrx_word' id='word_1_86' title='bbox 919 1416 951 1474; x_wconf 81' lang='grc' dir='ltr'><strong>3ο</strong></span> <span class='ocrx_word' id='word_1_87' title='bbox 968 1411 1054 1474; x_wconf 81' lang='lat' dir='ltr'><strong>cirea</strong></span> <span class='ocrx_word' id='word_1_88' title='bbox 1069 1412 1200 1492; x_wconf 90' lang='lat' dir='ltr'><strong>dispen-</strong></span> 
     </span>
    </p>
   </div>
   <div class='ocr_carea' id='block_1_7' title="bbox 222 1511 1201 1593">
    <p class='ocr_par' dir='ltr' id='par_1_7' title="bbox 222 1511 1201 1593">
     <span class='ocr_line' id='line_1_14' title="bbox 222 1511 1201 1593; baseline 0 -21"><span class='ocrx_word' id='word_1_89' title='bbox 222 1513 378 1574; x_wconf 85' lang='lat' dir='ltr'><strong>sationem</strong></span> <span class='ocrx_word' id='word_1_90' title='bbox 400 1511 601 1593; x_wconf 87' lang='lat' dir='ltr'><strong>propriarum</strong></span> <span class='ocrx_word' id='word_1_91' title='bbox 623 1511 796 1592; x_wconf 84' lang='lat' dir='ltr'><strong>actionum,</strong></span> <span class='ocrx_word' id='word_1_92' title='bbox 825 1529 896 1590; x_wconf 80' lang='lat' dir='ltr'><strong>qum</strong></span> <span class='ocrx_word' id='word_1_93' title='bbox 926 1517 1105 1574; x_wconf 87' lang='lat' dir='ltr'><strong>removetur</strong></span> <span class='ocrx_word' id='word_1_94' title='bbox 1141 1529 1201 1591; x_wconf 93' lang='lat' dir='ltr'><strong>per</strong></span> 
     </span>
    </p>
   </div>
   <div class='ocr_carea' id='block_1_8' title="bbox 214 1609 450 1695">
    <p class='ocr_par' dir='ltr' id='par_1_8' title="bbox 214 1609 450 1695">
     <span class='ocr_line' id='line_1_15' title="bbox 214 1609 450 1695; baseline 0.004 -23"><span class='ocrx_word' id='word_1_95' title='bbox 214 1609 450 1695; x_wconf 84' lang='lat' dir='ltr'><strong>obedientiam.</strong></span> 
     </span>
    </p>
   </div>
   <div class='ocr_carea' id='block_1_9' title="bbox 221 1706 1212 2283">
    <p class='ocr_par' dir='ltr' id='par_1_9' title="bbox 221 1706 1201 2178">
     <span class='ocr_line' id='line_1_16' title="bbox 261 1706 1201 1790; baseline -0.002 -20"><span class='ocrx_word' id='word_1_96' title='bbox 261 1708 352 1770; x_wconf 80' lang='lat' dir='ltr'><strong>Proh.</strong></span> <span class='ocrx_word' id='word_1_97' title='bbox 368 1711 400 1770; x_wconf 74' lang='grc' dir='ltr'><strong>3ι</strong></span> <span class='ocrx_word' id='word_1_98' title='bbox 412 1729 495 1790; x_wconf 80' lang='lat' dir='ltr'><strong>pore.</strong></span> <span class='ocrx_word' id='word_1_99' title='bbox 515 1711 741 1771; x_wconf 87' lang='lat' dir='ltr'><strong>Holocaustum</strong></span> <span class='ocrx_word' id='word_1_100' title='bbox 758 1711 815 1782; x_wconf 88' lang='lat' dir='ltr'><strong>est,</strong></span> <span class='ocrx_word' id='word_1_101' title='bbox 835 1723 908 1768; x_wconf 90' lang='lat' dir='ltr'><strong>oum</strong></span> <span class='ocrx_word' id='word_1_102' title='bbox 928 1706 1039 1786; x_wconf 91' lang='lat' dir='ltr'><strong>aliquis</strong></span> <span class='ocrx_word' id='word_1_103' title='bbox 1060 1706 1201 1769; x_wconf 86' lang='lat' dir='ltr'><strong>totaliter</strong></span> 
     </span>
     <span class='ocr_line' id='line_1_17' title="bbox 222 1803 1201 1885; baseline -0.004 -17"><span class='ocrx_word' id='word_1_104' title='bbox 222 1825 278 1868; x_wconf 91' lang='lat' dir='ltr'><strong>sua</strong></span> <span class='ocrx_word' id='word_1_105' title='bbox 295 1807 387 1868; x_wconf 89' lang='lat' dir='ltr'><strong>ollert</strong></span> <span class='ocrx_word' id='word_1_106' title='bbox 402 1809 479 1867; x_wconf 89' lang='lat' dir='ltr'><strong>Deo.</strong></span> <span class='ocrx_word' id='word_1_107' title='bbox 503 1805 601 1885; x_wconf 85' lang='lat' dir='ltr'><strong>Atqui</strong></span> <span class='ocrx_word' id='word_1_108' title='bbox 622 1807 720 1868; x_wconf 92' lang='lat' dir='ltr'><strong>homo</strong></span> <span class='ocrx_word' id='word_1_109' title='bbox 742 1804 838 1866; x_wconf 88' lang='lat' dir='ltr'><strong>habet</strong></span> <span class='ocrx_word' id='word_1_110' title='bbox 853 1803 966 1884; x_wconf 82' lang='lat' dir='ltr'><strong>triplex</strong></span> <span class='ocrx_word' id='word_1_111' title='bbox 981 1805 1121 1866; x_wconf 90' lang='lat' dir='ltr'><strong>bonum:</strong></span> <span class='ocrx_word' id='word_1_112' title='bbox 1143 1821 1201 1883; x_wconf 92' lang='lat' dir='ltr'><strong>per</strong></span> 
     </span>
     <span class='ocr_line' id='line_1_18' title="bbox 222 1901 1200 1982; baseline 0 -18"><span class='ocrx_word' id='word_1_113' title='bbox 222 1909 441 1982; x_wconf 84' lang='lat' dir='ltr'><strong>paupertatem</strong></span> <span class='ocrx_word' id='word_1_114' title='bbox 456 1904 630 1966; x_wconf 82' lang='lat' dir='ltr'><strong>offeruntur</strong></span> <span class='ocrx_word' id='word_1_115' title='bbox 644 1907 709 1964; x_wconf 89' lang='lat' dir='ltr'><strong>Deo</strong></span> <span class='ocrx_word' id='word_1_116' title='bbox 725 1904 808 1965; x_wconf 89' lang='lat' dir='ltr'><strong>bona</strong></span> <span class='ocrx_word' id='word_1_117' title='bbox 822 1903 973 1978; x_wconf 84' lang='lat' dir='ltr'><strong>lortunae;</strong></span> <span class='ocrx_word' id='word_1_118' title='bbox 991 1921 1048 1982; x_wconf 89' lang='lat' dir='ltr'><strong>per</strong></span> <span class='ocrx_word' id='word_1_119' title='bbox 1069 1901 1200 1965; x_wconf 37' lang='lat' dir='ltr'><strong>castita*</strong></span> 
     </span>
     <span class='ocr_line' id='line_1_19' title="bbox 222 1999 1200 2082; baseline 0.001 -20"><span class='ocrx_word' id='word_1_120' title='bbox 222 2007 300 2075; x_wconf 87' lang='lat' dir='ltr'><strong>tem,</strong></span> <span class='ocrx_word' id='word_1_121' title='bbox 317 2018 448 2081; x_wconf 89' lang='lat' dir='ltr'><strong>eorpus;</strong></span> <span class='ocrx_word' id='word_1_122' title='bbox 472 2019 529 2080; x_wconf 88' lang='lat' dir='ltr'><strong>per</strong></span> <span class='ocrx_word' id='word_1_123' title='bbox 543 2001 769 2075; x_wconf 86' lang='lat' dir='ltr'><strong>obedientiam,</strong></span> <span class='ocrx_word' id='word_1_124' title='bbox 786 2001 852 2081; x_wconf 92' lang='lat' dir='ltr'><strong>ipse</strong></span> <span class='ocrx_word' id='word_1_125' title='bbox 862 1999 986 2062; x_wconf 89' lang='lat' dir='ltr'><strong>animus</strong></span> <span class='ocrx_word' id='word_1_126' title='bbox 1002 2019 1057 2064; x_wconf 89' lang='lat' dir='ltr'><strong>seu</strong></span> <span class='ocrx_word' id='word_1_127' title='bbox 1070 2000 1200 2082; x_wconf 89' lang='lat' dir='ltr'><strong>propria</strong></span> 
     </span>
     <span class='ocr_line' id='line_1_20' title="bbox 221 2098 805 2178; baseline -0.002 -18"><span class='ocrx_word' id='word_1_128' title='bbox 221 2100 365 2160; x_wconf 81' lang='lat' dir='ltr'><strong>voluntas</strong></span> <span class='ocrx_word' id='word_1_129' title='bbox 380 2098 435 2178; x_wconf 85' lang='lat' dir='ltr'><strong>(l).</strong></span> <span class='ocrx_word' id='word_1_130' title='bbox 801 2101 805 2109; x_wconf 92' lang='lat'>&#39;</span> 
     </span>
    </p>

    <p class='ocr_par' dir='ltr' id='par_1_10' title="bbox 261 2195 1212 2283">
     <span class='ocr_line' id='line_1_21' title="bbox 261 2195 1212 2283; baseline 0 -27"><span class='ocrx_word' id='word_1_131' title='bbox 261 2197 315 2257; x_wconf 89' lang='lat' dir='ltr'><strong>lll.</strong></span> <span class='ocrx_word' id='word_1_132' title='bbox 343 2195 394 2257; x_wconf 85' lang='lat' dir='ltr'><strong>Ad</strong></span> <span class='ocrx_word' id='word_1_133' title='bbox 420 2198 573 2258; x_wconf 81' lang='lat' dir='ltr'><strong>essentiam</strong></span> <span class='ocrx_word' id='word_1_134' title='bbox 594 2196 732 2278; x_wconf 65' lang='lat' dir='ltr'><strong>conpleta·</strong></span> <span class='ocrx_word' id='word_1_135' title='bbox 758 2204 849 2258; x_wconf 71' lang='lat' dir='ltr'><strong>staats</strong></span> <span class='ocrx_word' id='word_1_136' title='bbox 879 2199 1071 2283; x_wconf 68' lang='lat' dir='ltr'><strong>perfeetionis</strong></span> <span class='ocrx_word' id='word_1_137' title='bbox 1096 2198 1212 2278; x_wconf 27' lang='lat' dir='ltr'><strong>acqui-v</strong></span> 
     </span>
    </p>
   </div>
   <div class='ocr_carea' id='block_1_10' title="bbox 221 2293 1291 2379">
    <p class='ocr_par' dir='ltr' id='par_1_11' title="bbox 221 2293 1291 2379">
     <span class='ocr_line' id='line_1_22' title="bbox 221 2293 1291 2379; baseline 0.003 -26"><span class='ocrx_word' id='word_1_138' title='bbox 221 2293 330 2368; x_wconf 81' lang='lat' dir='ltr'><strong>reodoe,</strong></span> <span class='ocrx_word' id='word_1_139' title='bbox 363 2295 527 2375; x_wconf 80' lang='lat' dir='ltr'><strong>requiritur</strong></span> <span class='ocrx_word' id='word_1_140' title='bbox 554 2302 588 2354; x_wconf 83' lang='lat' dir='ltr'><strong>ut</strong></span> <span class='ocrx_word' id='word_1_141' title='bbox 618 2297 679 2355; x_wconf 80' lang='lat' dir='ltr'><strong>trr&#39;u</strong></span> <span class='ocrx_word' id='word_1_142' title='bbox 708 2295 827 2356; x_wconf 81' lang='lat' dir='ltr'><strong>coasilio</strong></span> <span class='ocrx_word' id='word_1_143' title='bbox 860 2305 926 2357; x_wconf 90' lang='lat' dir='ltr'><strong>voto</strong></span> <span class='ocrx_word' id='word_1_144' title='bbox 956 2296 1123 2379; x_wconf 78' lang='lat' dir='ltr'><strong>firmentur.</strong></span> <span class='ocrx_word' id='word_1_145' title='bbox 1158 2328 1199 2342; x_wconf 91' lang='lat'><em>—</em></span> <span class='ocrx_word' id='word_1_146' title='bbox 1290 2357 1291 2374; x_wconf 16' lang='grc' dir='ltr'>ἶ</span> 
     </span>
    </p>
   </div>
   <div class='ocr_carea' id='block_1_11' title="bbox 222 2390 1198 2572">
    <p class='ocr_par' dir='ltr' id='par_1_12' title="bbox 222 2390 1198 2572">
     <span class='ocr_line' id='line_1_23' title="bbox 222 2390 1198 2472; baseline 0 -21"><span class='ocrx_word' id='word_1_147' title='bbox 222 2390 312 2451; x_wconf 81' lang='lat' dir='ltr'><strong>Proh.</strong></span> <span class='ocrx_word' id='word_1_148' title='bbox 338 2393 444 2454; x_wconf 87' lang='lat' dir='ltr'><strong>Status</strong></span> <span class='ocrx_word' id='word_1_149' title='bbox 463 2390 559 2472; x_wconf 81' lang='lat' dir='ltr'><strong>exigit</strong></span> <span class='ocrx_word' id='word_1_150' title='bbox 578 2391 761 2463; x_wconf 85' lang='lat' dir='ltr'><strong>firmitatem</strong></span> <span class='ocrx_word' id='word_1_151' title='bbox 781 2412 818 2455; x_wconf 87' lang='lat' dir='ltr'><strong>ex</strong></span> <span class='ocrx_word' id='word_1_152' title='bbox 832 2413 934 2457; x_wconf 83' lang='lat' dir='ltr'><strong>eausa.</strong></span> <span class='ocrx_word' id='word_1_153' title='bbox 953 2396 1030 2456; x_wconf 86' lang='lat' dir='ltr'><strong>Cum</strong></span> <span class='ocrx_word' id='word_1_154' title='bbox 1044 2391 1105 2454; x_wconf 91' lang='lat' dir='ltr'><strong>tria</strong></span> <span class='ocrx_word' id='word_1_155' title='bbox 1120 2410 1198 2456; x_wconf 88' lang='lat' dir='ltr'><strong>eon-</strong></span> 
     </span>
     <span class='ocr_line' id='line_1_24' title="bbox 223 2487 1197 2572; baseline 0.001 -23"><span class='ocrx_word' id='word_1_156' title='bbox 223 2487 292 2549; x_wconf 91' lang='lat' dir='ltr'><strong>silia</strong></span> <span class='ocrx_word' id='word_1_157' title='bbox 305 2487 368 2550; x_wconf 89' lang='lat' dir='ltr'><strong>sint</strong></span> <span class='ocrx_word' id='word_1_158' title='bbox 386 2490 426 2551; x_wconf 91' lang='lat' dir='ltr'><strong>de</strong></span> <span class='ocrx_word' id='word_1_159' title='bbox 441 2489 575 2551; x_wconf 86' lang='lat' dir='ltr'><strong>essentia</strong></span> <span class='ocrx_word' id='word_1_160' title='bbox 592 2497 691 2552; x_wconf 86' lang='lat' dir='ltr'><strong>status</strong></span> <span class='ocrx_word' id='word_1_161' title='bbox 716 2489 866 2571; x_wconf 86' lang='lat' dir='ltr'><strong>religiosi,</strong></span> <span class='ocrx_word' id='word_1_162' title='bbox 891 2491 1061 2572; x_wconf 88' lang='lat' dir='ltr'><strong>requiritur</strong></span> <span class='ocrx_word' id='word_1_163' title='bbox 1076 2490 1197 2553; x_wconf 92' lang='lat' dir='ltr'><strong>stabilis</strong></span> 
     </span>
    </p>
   </div>
   <div class='ocr_carea' id='block_1_12' title="bbox 189 2573 1197 2668">
    <p class='ocr_par' dir='ltr' id='par_1_13' title="bbox 189 2573 1197 2668">
     <span class='ocr_line' id='line_1_25' title="bbox 189 2573 1197 2668; baseline 0.001 -21"><span class='ocrx_word' id='word_1_164' title='bbox 189 2573 191 2594; x_wconf 91' lang='lat'>&#39;</span> <span class='ocrx_word' id='word_1_165' title='bbox 222 2603 332 2647; x_wconf 91' lang='lat' dir='ltr'><strong>eorum</strong></span> <span class='ocrx_word' id='word_1_166' title='bbox 353 2587 562 2650; x_wconf 84' lang='lat' dir='ltr'><strong>observantia.</strong></span> <span class='ocrx_word' id='word_1_167' title='bbox 581 2590 680 2650; x_wconf 86' lang='lat' dir='ltr'><strong>Causa</strong></span> <span class='ocrx_word' id='word_1_168' title='bbox 698 2606 772 2650; x_wconf 88' lang='lat' dir='ltr'><strong>vero</strong></span> <span class='ocrx_word' id='word_1_169' title='bbox 796 2589 950 2654; x_wconf 85' lang='lat' dir='ltr'><strong>inducens</strong></span> <span class='ocrx_word' id='word_1_170' title='bbox 971 2588 1197 2668; x_wconf 82' lang='lat' dir='ltr'><strong>obligationem</strong></span> 
     </span>
    </p>
   </div>
   <div class='ocr_carea' id='block_1_13' title="bbox 219 2686 1198 2964">
    <p class='ocr_par' dir='ltr' id='par_1_14' title="bbox 219 2686 1198 2964">
     <span class='ocr_line' id='line_1_26' title="bbox 221 2686 1198 2770; baseline 0 -25"><span class='ocrx_word' id='word_1_171' title='bbox 221 2686 431 2762; x_wconf 87' lang='lat' dir='ltr'><strong>permanendi</strong></span> <span class='ocrx_word' id='word_1_172' title='bbox 446 2687 477 2746; x_wconf 94' lang='lat' dir='ltr'><strong>in</strong></span> <span class='ocrx_word' id='word_1_173' title='bbox 493 2704 603 2748; x_wconf 89' lang='lat' dir='ltr'><strong>eorum</strong></span> <span class='ocrx_word' id='word_1_174' title='bbox 618 2686 848 2764; x_wconf 83' lang='lat' dir='ltr'><strong>observatione,</strong></span> <span class='ocrx_word' id='word_1_175' title='bbox 863 2707 927 2751; x_wconf 91' lang='lat' dir='ltr'><strong>non</strong></span> <span class='ocrx_word' id='word_1_176' title='bbox 942 2695 1046 2770; x_wconf 90' lang='lat' dir='ltr'><strong>potest</strong></span> <span class='ocrx_word' id='word_1_177' title='bbox 1061 2687 1198 2748; x_wconf 88' lang='lat' dir='ltr'><strong>essenisi</strong></span> 
     </span>
     <span class='ocr_line' id='line_1_27' title="bbox 219 2782 1198 2864; baseline 0.002 -22"><span class='ocrx_word' id='word_1_178' title='bbox 219 2782 370 2864; x_wconf 80' lang='lat' dir='ltr'><strong>promr&#39;sstb</strong></span> <span class='ocrx_word' id='word_1_179' title='bbox 388 2786 453 2844; x_wconf 86' lang='lat' dir='ltr'><strong>Deo</strong></span> <span class='ocrx_word' id='word_1_180' title='bbox 467 2783 558 2864; x_wconf 82' lang='lat' dir='ltr'><strong>sacto.</strong></span> <span class='ocrx_word' id='word_1_181' title='bbox 581 2785 663 2863; x_wconf 80' lang='lat' dir='ltr'><strong>Ergo</strong></span> <span class='ocrx_word' id='word_1_182' title='bbox 684 2784 855 2863; x_wconf 87' lang='lat' dir='ltr'><strong>requiritur</strong></span> <span class='ocrx_word' id='word_1_183' title='bbox 874 2792 907 2849; x_wconf 90' lang='lat' dir='ltr'><strong>ut</strong></span> <span class='ocrx_word' id='word_1_184' title='bbox 920 2787 979 2849; x_wconf 90' lang='lat' dir='ltr'><strong>tria</strong></span> <span class='ocrx_word' id='word_1_185' title='bbox 993 2783 1125 2848; x_wconf 91' lang='lat' dir='ltr'><strong>consilia</strong></span> <span class='ocrx_word' id='word_1_186' title='bbox 1142 2786 1198 2844; x_wconf 83' lang='lat' dir='ltr'><strong>fir-</strong></span> 
     </span>
     <span class='ocr_line' id='line_1_28' title="bbox 221 2880 1084 2964; baseline 0.006 -23"><span class='ocrx_word' id='word_1_187' title='bbox 221 2886 347 2942; x_wconf 84' lang='lat' dir='ltr'><strong>mentun</strong></span> <span class='ocrx_word' id='word_1_188' title='bbox 356 2887 429 2943; x_wconf 89' lang='lat' dir='ltr'><strong>roto</strong></span> <span class='ocrx_word' id='word_1_189' title='bbox 444 2888 632 2964; x_wconf 90' lang='lat' dir='ltr'><strong>perpetuam</strong></span> <span class='ocrx_word' id='word_1_190' title='bbox 645 2880 874 2962; x_wconf 83' lang='lat' dir='ltr'><strong>obligationem</strong></span> <span class='ocrx_word' id='word_1_191' title='bbox 889 2883 1084 2948; x_wconf 85' lang='lat' dir='ltr'><strong>continente.</strong></span> 
     </span>
    </p>
   </div>
   <div class='ocr_carea' id='block_1_14' title="bbox 575 3096 858 3154">
    <p class='ocr_par' dir='ltr' id='par_1_15' title="bbox 575 3096 858 3154">
     <span class='ocr_line' id='line_1_29' title="bbox 575 3096 858 3154; baseline 0.004 -2"><span class='ocrx_word' id='word_1_192' title='bbox 575 3096 795 3153; x_wconf 68' lang='lat' dir='ltr'><strong>amictibus</strong></span> <span class='ocrx_word' id='word_1_193' title='bbox 813 3099 858 3154; x_wconf 89' lang='lat'><strong>111</strong></span> 
     </span>
    </p>
   </div>
   <div class='ocr_carea' id='block_1_15' title="bbox 500 3260 912 3308">
    <p class='ocr_par' dir='ltr' id='par_1_16' title="bbox 500 3260 912 3308">
     <span class='ocr_line' id='line_1_30' title="bbox 500 3260 912 3308; baseline 0 -2"><span class='ocrx_word' id='word_1_194' title='bbox 500 3266 565 3308; x_wconf 75' lang='lat' dir='ltr'><strong>von</strong></span> <span class='ocrx_word' id='word_1_195' title='bbox 579 3265 714 3306; x_wconf 69' lang='lat' dir='ltr'><strong>somnum</strong></span> <span class='ocrx_word' id='word_1_196' title='bbox 726 3266 757 3306; x_wconf 81' lang='grc' dir='ltr'><strong>ΕΤ</strong></span> <span class='ocrx_word' id='word_1_197' title='bbox 769 3260 912 3307; x_wconf 67' lang='grc' dir='ltr'><strong>δΙΠῐὼῙῦὶΔ.</strong></span> 
     </span>
    </p>
   </div>
   <div class='ocr_carea' id='block_1_16' title="bbox 259 3381 1198 3492">
    <p class='ocr_par' dir='ltr' id='par_1_17' title="bbox 259 3381 1198 3492">
     <span class='ocr_line' id='line_1_31' title="bbox 259 3381 1198 3492; baseline 0 -20"><span class='ocrx_word' id='word_1_198' title='bbox 259 3411 341 3472; x_wconf 84' lang='lat' dir='ltr'><strong>Vota</strong></span> <span class='ocrx_word' id='word_1_199' title='bbox 350 3410 541 3490; x_wconf 88' lang='lat' dir='ltr'><strong>regularium</strong></span> <span class='ocrx_word' id='word_1_200' title='bbox 552 3417 624 3474; x_wconf 90' lang='lat' dir='ltr'><strong>sunt</strong></span> <span class='ocrx_word' id='word_1_201' title='bbox 634 3412 788 3474; x_wconf 87' lang='lat' dir='ltr'><strong>solemnia</strong></span> <span class='ocrx_word' id='word_1_202' title='bbox 799 3414 847 3474; x_wconf 92' lang='lat' dir='ltr'><strong>vel</strong></span> <span class='ocrx_word' id='word_1_203' title='bbox 860 3381 1028 3492; x_wconf 76' lang='lat' dir='ltr'><strong>simplioia.</strong></span> <span class='ocrx_word' id='word_1_204' title='bbox 1043 3412 1117 3472; x_wconf 85' lang='lat' dir='ltr'><strong>Haeo</strong></span> <span class='ocrx_word' id='word_1_205' title='bbox 1133 3409 1198 3472; x_wconf 89' lang='lat' dir='ltr'><strong>dis·</strong></span> 
     </span>
    </p>
   </div>
   <div class='ocr_carea' id='block_1_17' title="bbox 221 3573 1196 3714">
    <p class='ocr_par' dir='ltr' id='par_1_18' title="bbox 221 3573 1196 3714">
     <span class='ocr_line' id='line_1_32' title="bbox 221 3573 1196 3705; baseline 0.003 -83"><span class='ocrx_word' id='word_1_206' title='bbox 221 3653 230 3700; x_wconf 90' lang='lat'>1</span> <span class='ocrx_word' id='word_1_207' title='bbox 239 3573 319 3703; x_wconf 62' lang='lat' dir='ltr'><strong>h(llnsl.</strong></span> <span class='ocrx_word' id='word_1_208' title='bbox 333 3575 449 3705; x_wconf 63' lang='lat' dir='ltr'><strong>Tllromoq</strong></span> <span class='ocrx_word' id='word_1_209' title='bbox 465 3579 490 3628; x_wconf 82' lang='lat'><strong>2.</strong></span> <span class='ocrx_word' id='word_1_210' title='bbox 507 3579 532 3639; x_wconf 81' lang='lat'><strong>2,</strong></span> <span class='ocrx_word' id='word_1_211' title='bbox 542 3576 646 3639; x_wconf 77' lang='lat' dir='ltr'><strong>queastio</strong></span> <span class='ocrx_word' id='word_1_212' title='bbox 665 3579 720 3650; x_wconf 64' lang='lat' dir='ltr'><strong>lit.</strong></span> <span class='ocrx_word' id='word_1_213' title='bbox 736 3601 767 3613; x_wconf 93' lang='lat'><em>-</em></span> <span class='ocrx_word' id='word_1_214' title='bbox 781 3577 913 3642; x_wconf 80' lang='lat' dir='ltr'><strong>Zoilinger,</strong></span> <span class='ocrx_word' id='word_1_215' title='bbox 929 3578 974 3626; x_wconf 75' lang='lat' dir='ltr'><strong>tur</strong></span> <span class='ocrx_word' id='word_1_216' title='bbox 994 3575 1196 3641; x_wconf 75' lang='lat' dir='ltr'><strong>ecclesiasticum,</strong></span> 
     </span>
     <span class='ocr_line' id='line_1_33' title="bbox 231 3651 437 3714; baseline 0.029 -14"><span class='ocrx_word' id='word_1_217' title='bbox 231 3651 239 3700; x_wconf 90' lang='lat' dir='ltr'><strong>i</strong></span> <span class='ocrx_word' id='word_1_218' title='bbox 257 3689 264 3704; x_wconf 86' lang='lat'>.</span> <span class='ocrx_word' id='word_1_219' title='bbox 318 3691 325 3714; x_wconf 87' lang='lat'>‚</span> <span class='ocrx_word' id='word_1_220' title='bbox 340 3660 382 3705; x_wconf 89' lang='lat' dir='ltr'><strong>tt.</strong></span> <span class='ocrx_word' id='word_1_221' title='bbox 399 3656 437 3707; x_wconf 81' lang='lat' dir='ltr'><strong>tt.</strong></span> 
     </span>
    </p>
   </div>
   <div class='ocr_carea' id='block_1_18' title="bbox 230 3800 241 3838">
    <p class='ocr_par' dir='ltr' id='par_1_19' title="bbox 230 3800 241 3838">
     <span class='ocr_line' id='line_1_34' title="bbox 230 3800 241 3838; baseline 0 0"><span class='ocrx_word' id='word_1_222' title='bbox 230 3800 241 3838; x_wconf 77' lang='lat' dir='ltr'><strong>l</strong></span> 
     </span>
    </p>
   </div>
   <div class='ocr_carea' id='block_1_19' title="bbox 0 0 1302 4286">
    <p class='ocr_par' dir='ltr' id='par_1_20' title="bbox 0 0 1302 4286">
     <span class='ocr_line' id='line_1_35' title="bbox 0 0 1302 4286; baseline 0 1"><span class='ocrx_word' id='word_1_223' title='bbox 0 0 1302 4286; x_wconf 95' lang='lat' dir='ltr'><strong> </strong></span> 
     </span>
    </p>
   </div>
  </div>
 </body>
</html>
