2618 4252
490 291 563 336 PARS
585 289 750 338 sanemus
1055 289 1110 335 299

132 413 273 490 postulat
314 410 385 470 finis
417 409 597 471 communis
625 408 770 471 ultimate
792 407 918 486 utrique
949 410 1109 488 praelixus,

130 526 250 588 nempe
268 510 368 589 gloria
382 506 438 569 Dei
454 514 485 569 et
498 509 582 569 salus
595 511 714 568 aeterna
733 503 917 580 hominum
936 523 1032 584 quem
1056 509 1111 570 du·

131 608 251 686 plicam
276 608 372 666 finem
401 607 543 667 Ecclesia
564 605 750 668 immediate
777 610 809 667 et
824 605 980 683 proxime,
1006 607 1111 668 Status

128 721 205 766 vero
215 704 354 765 mediate
371 708 402 766 et
416 707 549 790 remote¹
561 702 775 782 prosequitur.
793 702 882 763 Illam
899 703 996 782 exigit
1013 721 1112 782 popu·

132 805 239 864 lorum
263 801 476 875 incolumitas
504 817 574 879 quae
600 800 738 862 obtineri
752 800 875 878 nequit,
900 801 961 864 nisi
978 806 1111 882 uterque

134 898 332 980 principatus
353 899 456 960 amico
472 897 592 960 loedere
613 897 837 963 consocietur:
859 919 873 954 a
885 899 964 960 Cum
978 917 1111 978 regnum

136 1002 168 1058 et
179 997 393 1058 sacerdotium
406 995 491 1057 inter
509 1012 542 1056 se
562 993 766 1068 conveniunt,
784 995 865 1058 bene
889 996 1010 1072 regitur
1018 1015 1112 1060 mun-

59 1117 61 1128 ⁴
134 1097 205 1170 dus,
229 1097 321 1156 lloret
335 1099 366 1155 ei
375 1093 544 1154 fructificat
558 1093 709 1156 Ecclesia.
728 1095 806 1154 Cum
820 1111 895 1154 vcro
907 1093 990 1155 iuter
1004 1111 1037 1156 se
1048 1095 1113 1156 dis-

136 1193 280 1264 cordant,
296 1209 362 1254 non
373 1195 496 1252 tantum
510 1208 613 1270 parvae
626 1209 676 1252 res
691 1209 756 1252 non
771 1197 929 1266 crescunt,
945 1192 1110 1255 sedetiam

136 1308 258 1370 magnae
273 1307 323 1350 res
337 1287 559 1350 miserabiliter
571 1287 755 1349 dilabuntur
767 1286 817 1368 (l).
835 1309 848 1346 a

111 1433 116 1439 .
176 1392 207 1450 2.
231 1388 421 1466 Hujusmodi
445 1385 619 1448 concordia
640 1383 701 1444 tria
722 1384 883 1464 supponit.
908 1386 1047 1446 Primam
1067 1394 1114 1451 est

137 1485 304 1562 utriusque
326 1483 487 1544 societatis
508 1481 756 1561 independentia
777 1481 811 1542 in
833 1482 946 1543 ordine
969 1485 1112 1563 proprio,

136 1581 299 1660 siquidem
314 1581 413 1642 iidem
431 1580 576 1642 homines
594 1585 668 1640 sunt
687 1579 782 1640 simul
798 1579 943 1642 membra
961 1582 1067 1643 Status
1084 1586 1116 1644 et

138 1678 300 1741 Ecclesiae.
316 1677 481 1739 Secundam
498 1683 545 1740 cst
559 1677 714 1757 subjectio
733 1677 894 1738 sociorum
908 1695 980 1756 erga
993 1684 1116 1740 utram-

137 1793 201 1854 que
224 1777 420 1848 societatem‚
441 1775 499 1837 sub
521 1775 643 1836 diverso
665 1777 829 1851 respectu:
853 1775 886 1834 in
909 1775 1004 1836 rebus
1028 1793 1116 1838 mere

138 1873 368 1953 temporalibus
386 1875 495 1934 tideles
515 1873 637 1951 legibus
658 1871 805 1933 civilibus
824 1871 993 1948 obediunt;
1011 1875 1115 1951 quoad

137 1972 316 2050 spiritualia
337 1971 397 2049 ipsi
415 1971 615 2050 magistratus
637 1969 848 2049 subjiciuntur
865 1971 988 2052 legibus
1005 1975 1116 2036 Eccle-

141 2069 207 2132 siae.
225 2067 331 2148 Tertia,
347 2069 465 2129 mutuis
482 2067 639 2146 praesidiis
658 2066 771 2146 religio
789 2069 914 2146 perficit
931 2071 1117 2134 societatem

142 2167 281 2242 civilem3
301 2168 406 2228 Status
424 2183 497 2227 vero
511 2165 648 2244 protegit
660 2165 847 2227 Ecclesiam.

181 2267 219 2326 ll.
237 2265 305 2326 Noa
325 2263 499 2345 requirenda
519 2270 563 2324 est
579 2261 712 2323 absolata
728 2264 874 2342 separatio
887 2263 994 2328 Status
1008 2267 1045 2328 ab
1059 2267 1092 2330 Ε
1092 2285 1119 2328 a·
1207 2307 1209 2312 ι

143 2362 236 2423 alesia.

183 2459 276 2520 Proh.
292 2463 321 2522 l.
334 2459 522 2530 Auctoritate
535 2461 573 2521 R.
586 2457 789 2520 Pontificum.
803 2462 970 2541 Gregorius
978 2463 1046 2524 XVI
1054 2462 1098 2525 ait
1111 2482 1118 2523 :

146 2581 162 2614 a
176 2561 246 2620 Non
257 2559 380 2620 laetiora
395 2553 541 2635 religioni
554 2561 585 2616 et
600 2555 793 2634 principatui
807 2559 942 2619 ominari
957 2575 1121 2636 possemus

142 2675 184 2719 ex
201 2673 312 2719 eorum
326 2655 422 2728 votis,
445 2653 499 2732 qui
521 2652 697 2714 Ecclesiam
719 2670 738 2715 a
758 2656 866 2732 Regno
885 2655 1035 2732 separari,
1056 2673 1123 2719 mu-

143 2762 296 2831 tuamque
309 2751 439 2830 Imperii
459 2768 533 2812 cum
548 2751 734 2813 sacerdotio
755 2752 963 2813 concordiam
978 2751 1123 2833 abrumpi

144 2849 338 2927 discupiunt.
362 2849 492 2910 Constat
511 2848 694 2924 pertimesci
714 2846 755 2908 ab
778 2848 1066 2926 impudentissimae
1084 2851 1118 2912 li·

144 2942 277 3006 bertatis
290 2939 485 3002 amatoribus
497 2941 706 3001 concordiam
729 2941 831 3016 illam,
853 2959 923 3020 quae
940 2960 1067 3021 semper
1078 2945 1125 3008 rei

146 3057 246 3102 sacrae
261 3043 293 3101 et
306 3037 392 3100 civili
405 3037 505 3098 fausta
520 3037 624 3098 extitit
639 3043 671 3098 el
686 3038 831 3100 salutaris
848 3039 901 3119 (2).
912 3061 926 3098 a

184 3138 259 3199 Pius
279 3138 320 3198 IX
341 3133 502 3196 damnavit
522 3134 603 3195 hanc
622 3135 898 3214 propositionem:
921 3159 935 3196 a
950 3138 1126 3201 Ecclesiae

144 3241 249 3313 Statu,
266 3239 435 3313 Statusque
452 3233 491 3295 ab
508 3233 650 3295 Ecclesia
669 3233 881 3312 seJungendus
900 3221 948 3298 dat
962 3236 1047 3316 (3).»

176 3397 209 3456 (l)
225 3396 250 3446 S.
263 3395 305 3446 Iao
319 3391 489 3454 duraciensis,
506 3390 590 3456 Epist.
601 3393 646 3442 238
658 3391 694 3440 ad
708 3391 853 3442 Peccantem
863 3393 898 3443 ll.

177 3479 207 3537 (ll
223 3475 334 3538 Gregorii
347 3473 401 3525 XVI
416 3472 525 3534 Epistola
538 3471 671 3534 Encyclica
682 3473 777 3522 Mirari
787 3475 877 3536 (1832).

177 3557 212 3622 (3)
228 3556 269 3615 Pii
296 3557 330 3606 lx
357 3551 478 3618 Syllabas
507 3553 674 3614 complectens
699 3553 838 3617 praecipuos
862 3555 945 3606 aetatis
972 3561 1064 3606 nostra
1089 3567 1128 3605 er·

147 3649 225 3700 rores,
240 3638 278 3690 55.
