2590 4262
500 277 574 322 PARS
595 277 759 326 SPECIAHS·
1063 286 1112 330 eol

131 399 199 480 pali
219 393 419 476 pronuntiari
432 391 546 455 debeat
559 413 567 468 ;
580 413 609 455 v.
623 413 654 473 g.
673 394 762 474 prius
785 400 948 460 tractanda
963 407 1010 464 cst
1023 419 1116 464 causa

130 493 287 576 legitimae
301 489 481 567 nativitatis,
494 509 590 570 quam
601 491 808 554 hereditatis.

176 590 298 655 Pariter
312 591 352 651 de
366 587 605 667 exceptionibus
625 605 644 650 a
659 591 715 652 reci
729 591 901 670 propositis
916 595 1003 672 prius
1021 613 1116 676 agen-

134 694 218 754 dum
238 692 295 761 est,
323 703 421 764 quam
442 687 483 747 de
497 703 591 748 causa
605 687 792 765 principali3
809 707 884 764 nam
899 693 1045 770 exceptio
1060 709 1117 772 pc·

133 785 310 866 reinptoria
322 786 374 864 jus
397 782 514 846 actoris
537 783 667 862 perimit
682 806 690 858 ;
708 785 854 848 dilatoria
876 805 951 850 vero
975 794 1115 854 retardat

132 885 303 969 judicium.

177 989 208 1048 3.
221 978 469 1061 Exceptionibus
481 973 704 1057 peremptoriis
714 986 746 1042 et
759 980 912 1045 dilatoriis
921 985 1031 1046 affines
1041 992 1116 1049 sunt

137 1084 329 1164 questiones
349 1077 502 1138 incidentes
516 1083 548 1140 et
564 1086 737 1158 emergentes
750 1097 764 1155 ,·
778 1083 863 1142 unde
878 1080 1021 1144 axioma:
1039 1084 1114 1144 iari-

136 1182 205 1244 dens
219 1177 341 1261 quaestio
348 1176 484 1256 perimit,
495 1194 641 1255 puerperas
653 1175 766 1256 differt.

177 1276 310 1340 Incideris
332 1272 464 1352 quaestio
485 1272 611 1348 dicitur,
634 1291 705 1352 quae
720 1279 794 1337 ante
805 1276 963 1355 judicium
983 1278 1115 1341 inchoa-

137 1385 208 1440 tum
232 1371 387 1452 originem
408 1369 514 1447 habet,
537 1387 593 1432 seu
611 1387 738 1432 causam
753 1371 963 1452 principalem
978 1375 1112 1454 attingit,

137 1471 242 1552 qualis
257 1475 304 1531 est
324 1468 468 1545 exceptio
488 1467 768 1546 consanguinitatis
787 1468 821 1529 in
841 1487 934 1532 causa
949 1471 1115 1533 matrimo-

137 1569 229 1632 niali.
244 1565 378 1640 Quaestio
389 1583 535 1645 emergens
548 1569 688 1640 vocatur,
702 1583 774 1644 quae
786 1566 898 1644 inipso
910 1568 1033 1646 judicio
1046 1573 1115 1631 orta

141 1671 203 1743 est,
219 1669 250 1728 et
270 1665 333 1743 ejus
350 1661 495 1724 ordinem
513 1660 662 1741 respicit3
679 1681 708 1723 v.
726 1681 756 1742 g.
775 1681 815 1724 an
830 1663 889 1726 iste
907 1665 996 1727 testis
1016 1663 1056 1727 sit
1066 1682 1116 1728 re-

138 1764 328 1846 cipiendus?

175 1867 206 1926 l.
222 1860 417 1936 Quaestiones
431 1859 527 1921 etiam
534 1860 764 1940 praeparatoriae
782 1864 853 1921 ente
871 1862 946 1922 elias
961 1861 1114 1923 definiun-

137 1969 199 2026 tur.
210 1963 258 2024 Ita
268 1960 417 2022 dicuntur
427 1955 813 2035 causae,quarumdecisio
823 1959 998 2020 faciliorem
1008 1959 1114 2022 reddit
1186 1972 1187 1975 ’

138 2059 337 2122 decisionem
355 2055 485 2118 alterius
499 2076 507 2130 ;
525 2075 551 2117 v.
575 2073 605 2134 g.
623 2055 756 2134 quaestio
772 2056 811 2116 dc
824 2055 895 2133 ‚jure
911 2057 1113 2136 proprietatis

137 2155 337 2238 praerequirit
361 2152 621 2232 praeparatorium
646 2153 685 2213 de
706 2153 916 2230 possessione,
945 2173 1019 2216 nam
1038 2155 1111 2216 inde

136 2252 334 2334 intelligitur,
355 2249 417 2312 utri
430 2249 594 2312 incumbat
607 2265 686 2309 onus
696 2249 849 2328 probandi
865 2251 875 2330 (
895 2254 919 2332 ).

395 2456 411 2519 ἓ
424 2454 448 2506 2.
461 2482 492 2491 -
508 2453 546 2505 Ite
559 2453 747 2506 instructions
761 2469 852 2509 cause

173 2627 199 2678 l.
212 2623 253 2676 lle
268 2619 327 2676 litis
339 2616 546 2674 contestatione
560 2619 589 2674 et
597 2615 765 2689 juramento
779 2620 943 2678 calumniae.

169 2715 198 2768 2.
214 2712 252 2766 lle
267 2705 500 2781 probationibus.

290 2902 313 2946 t.
330 2897 364 2946 lle
371 2895 423 2946 litis
433 2895 613 2968 contestatione
626 2899 651 2944 et
664 2897 807 2956 iuramento
819 2895 958 2944 calumniae.

174 3057 199 3116 Ι.
216 3053 293 3115 Litis
310 3052 485 3127 contestatio,
502 3069 574 3130 quae
589 3052 704 3130 judicii
717 3048 911 3130 principium
933 3053 990 3124 est,
1006 3049 1042 3110 fit
1056 3066 1112 3126 per

134 3151 379 3215 affirmationem
393 3147 520 3224 actoris,
538 3149 630 3210 atrei
651 3148 938 3210 contradictionem
953 3146 1060 3208 animo
1075 3147 1113 3208 li·

135 3250 269 3331 tigandi.
284 3249 370 3310 lllius
383 3263 502 3308 nomen
516 3247 675 3307 derivatur
688 3263 726 3307 ex
740 3245 871 3324 antiquo
883 3244 955 3323 jure
967 3261 1111 3307 romano.

177 3349 256 3410 Gum
270 3362 364 3418 causa
376 3344 483 3405 dirimi
498 3361 561 3405 non
574 3343 685 3422 possit,
701 3340 763 3403 nisi
785 3345 919 3420 constet,
937 3343 1013 3424 quid
1029 3342 1113 3421 peti-

136 3443 232 3507 tionis
246 3441 361 3506 actoris
377 3440 611 3505 contradicatur
625 3457 643 3502 a
656 3457 721 3517 reo,
739 3445 908 3520 propterea
926 3439 1113 3522 regulariter

168 3619 204 3680 ll)
218 3614 388 3666 Decretcliam
401 3615 445 3665 lib.
457 3614 492 3676 ll,
503 3615 542 3666 tit.
560 3628 586 3678 x,
598 3613 631 3664 de
645 3612 738 3664 Ordine
751 3579 932 3676 capnitioaam.
