2604 4264
463 326 537 372 PARS
558 327 723 376 sedullus.
1028 327 1082 377 157
1176 337 1178 342 “

146 447 176 506 l.
199 445 349 538 Episcopi
366 463 402 507 ea
421 429 579 524 'potestate
602 454 689 510 recte
708 452 840 510 utuntur
862 447 896 509 in
914 448 1083 512 collatione
1158 429 1162 438 ’

94 539 250 602 omnium
281 538 520 616 beneficiorum,
547 541 686 619 exceptis
707 541 869 604 beneficiis
896 561 966 620 quae
985 544 1083 606 Sedes

94 637 291 716 Apostolica
305 655 370 698 suae
389 638 551 700 collationi
563 639 729 701 addixerit.

146 739 176 797 2.
196 734 227 794 Si
243 733 311 812 quis
332 737 530 798 contenderit
554 736 757 798 collationem
781 735 913 816 alicujus
935 735 1093 810 beneficii,

93 831 141 890 in
166 831 283 894 eisdem
302 831 491 895 dioeccsibus
510 835 550 894 ad
574 850 607 894 se
630 833 801 912 pertinere,
830 838 955 895 tenetur
968 834 1000 894 id
1015 851 1083 911 pro
1180 819 1181 826 ἵ

95 927 183 989 hare
203 945 240 988 ex
263 927 428 1007 privilegio
446 933 495 992 rel
514 931 743 992 consuetudine
761 930 821 990 rite
833 931 1028 1009 praescripta.
1046 932 1093 991 ln.

99 1025 205 1086 dubio
215 1039 309 1088 causa
318 1027 530 1107 adjudicanda
538 1035 585 1091 est
595 1028 771 1110 Episcopis,
783 1027 897 1106 quibus
909 1045 1081 1109 praesump·

97 1123 151 1186 tio
170 1126 251 1204 juris
272 1126 365 1187 favet.

145 1223 196 1283 Ill.
216 1221 378 1286 Collotores
380 1226 456 1306 jure
464 1223 603 1304 delapsio.
618 1223 847 1285 —Gardinales
856 1240 894 1284 ex
904 1223 1079 1302 privilegiu,

23 1323 25 1328 ’
72 1398 76 1404 ¹
101 1321 248 1397 quamvis
259 1340 322 1384 non
338 1323 402 1384 sint
416 1322 579 1401 Episcopi,
593 1325 786 1400 acceperunt
798 1325 990 1401 potestatem
1004 1338 1083 1383 con·

23 1463 35 1503 ·:
100 1416 229 1478 ferendi
249 1419 352 1496 aliqua
367 1419 534 1480 beneficia.

146 1515 196 1578 Ex
218 1515 313 1576 simili
333 1515 507 1596 privilegio,
534 1515 582 1575 vel
606 1513 848 1592 prascriptione
866 1513 919 1574 alii
945 1513 1078 1594 praelati,

102 1611 303 1694 ordinariam
316 1613 446 1692 quidem
456 1611 712 1693 jurisdictionem
734 1628 799 1670 non
817 1610 980 1688 babentes,
998 1610 1081 1673 obti-

101 1713 246 1780 nueruut
259 1709 309 1788 jus
320 1712 467 1789 quaedam
481 1709 635 1772 beneficia
645 1705 847 1771 conferendi.
1115 1714 1120 1724 '

192 1919 308 1979 Qunsrro
318 1924 351 1970 2¹.
366 1946 396 1956 -
406 1921 443 1970 Dr
455 1934 487 1971 us
498 1932 585 1976 oureus
596 1931 725 1968 Bassareu
739 1931 861 1967 coarsuru
874 1929 989 1968 rossum.

142 2085 191 2146 Ex
205 2087 313 2164 regula
324 2086 474 2164 generali,
492 2085 646 2148 beneficia
659 2083 782 2145 idoneis
795 2083 985 2146 conterenda
995 2087 1078 2145 sunt.

103 2183 178 2244 lam
192 2199 267 2243 vero
284 2186 393 2246 multae
415 2184 579 2262 qualitales
595 2183 824 2258 desiderantur,
847 2186 882 2244 ut
903 2179 1017 2260 aliquis
1040 2179 1079 2240 ad

102 2278 295 2340 beneficium
313 2280 447 2343 idoneus
461 2280 624 2343 habeatur.
663 2274 665 2280 ’

23 2412 38 2430 s
143 2373 169 2433 Ι.
185 2371 330 2452 Lepr'tr'mo
351 2381 423 2434 cetos
440 2375 627 2453 requiritur;
654 2373 803 2436 videlicet
822 2392 881 2452 pro
895 2373 1081 2452 episcopatu

103 2487 206 2530 annus
219 2472 257 2532 30
272 2473 462 2551 completus,
483 2489 541 2551 pro
553 2471 716 2534 beneficiis
735 2472 914 2550 duplicibus
928 2488 1027 2531 annus
1042 2470 1082 2528 25

102 2568 283 2642 inchoatus
308 2587 367 2648 pro
389 2568 594 2650 dignitatibus
608 2571 641 2630 in
662 2571 808 2650 capitulis
823 2587 922 2630 annus
937 2571 976 2630 ab
990 2582 1080 2629 com·

13 2687 15 2704 ·
103 2665 219 2743 pletus
236 2667 284 2726 Ad
301 2665 456 2729 beneficia
471 2667 639 2746 simplicia,
655 2669 772 2731 suffieit
789 2686 889 2730 annus
900 2669 938 2726 ll
950 2663 1082 2724 inchoa·

103 2766 165 2824 tus.

143 2861 181 2922 ll.
198 2861 339 2942 Leqitirrei
360 2862 472 2922 acidas
486 2862 702 2942 requiruntur,
718 2862 780 2922 nisi
798 2857 990 2937 dispensatio
1005 2872 1082 2916 con·

104 2958 236 3020 cedatur
259 2961 293 3019 in
319 2961 457 3021 favorem
485 2977 594 3022 eorum
618 2960 673 3038 qui
696 2975 822 3019 morum
845 2954 1025 3034 integritate
1049 2958 1081 3015 et

104 3055 251 3117 doctrina
287 3058 564 3134 commendantur.
600 3059 661 3118 Pro
689 3053 852 3116 beneficiis
883 3051 1080 3129 simplicibus

102 3153 142 3215 ab
157 3154 328 3234 Episcopo,
343 3173 402 3234 pro
416 3155 579 3217 beneficiis
594 3154 711 3216 curatis
726 3171 744 3214 a
758 3151 911 3213 Pontifice
928 3150 1080 3214 concedi-

102 3257 165 3314 tur.
786 3273 787 3276 ¹

141 3353 195 3414 ΙΙΙ.
210 3352 393 3430 Requiritur
404 3360 498 3414 status
510 3350 652 3437 clericalis
662 3354 693 3412 et
705 3348 870 3411 coelibatus
880 3367 938 3428 pro
949 3348 1080 3428 quibus·

103 3467 228 3528 cunque
246 3449 421 3526 beneficiiS,
448 3456 479 3512 et
493 3448 564 3510 ordo
585 3467 642 3529 pro
668 3449 818 3528 qualitate
835 3446 1002 3516 beneficii.
1027 3445 1076 3507 Ad

14 3551 16 3586 l
102 3547 332 3626 Episcopatum
347 3553 379 3609 et
395 3565 504 3609 curam
524 3547 701 3612 animarum
722 3546 916 3612 necessarius
930 3549 978 3609 est
991 3558 1080 3624 pres·

102 3643 264 3726 hyteratus
284 3645 376 3746 brevi
384 3645 616 3726 suscipiendus.
