2594 4286
440 257 514 304 PARS
536 255 699 304 sanemus
1022 257 1055 302 tt

120 375 173 437 111.
195 374 339 436 Ecclesia
359 371 543 436 catechismos
562 382 591 434 et
606 372 680 434 alios
698 373 788 436 libros
799 394 858 456 pro
872 373 1060 437 imauctiooe

79 472 221 554 relipioso
241 474 429 553 praescribit,
447 491 485 534 ex
503 471 618 553 quibus
638 471 747 533 fideles
762 473 847 534 velut
865 465 903 534 ex
917 472 1060 552 limpidis

80 573 227 635 lontibus
242 573 420 635 doctrinam
439 571 630 634 catholicam
645 571 803 633 hauriunt.
827 573 971 634 Maxima
988 587 1063 632 auc-

80 671 224 733 toritatis
235 676 266 732 et
277 671 422 733 utilitatis
433 676 481 733 est
493 670 708 732 catechismus
718 671 876 732 Romanus
886 686 924 731 ex
933 669 1062 730 decreto

80 767 404 830 eonciliiTrideiitini
414 769 527 844 editus.
543 769 704 830 Caeterum
718 765 758 828 ad
768 767 962 847 Episcopum
975 782 1063 846 spec-

79 871 130 928 tat
143 866 243 928 libros
261 865 444 950 hujusmodi
457 865 673 927 introducere.

125 966 180 1028 lv.
194 963 349 1026 Contiones
359 972 532 1025 statuuntur
541 961 638 1046 quoad
647 962 794 1024 lectionem
806 960 841 1025 S.
856 960 1024 1044 Scriptura
1035 961 1065 1022 in

83 1051 373 1144 liopuacmmaculo.
558 1071 559 1075 ’

129 1159 160 1219 t.
190 1179 205 1216 a
218 1160 296 1220 Cum
317 1159 535 1240 experimento
549 1159 752 1220 manifestum
771 1159 820 1234 sit,
838 1157 864 1220 si
883 1157 985 1220 Bihlia
997 1156 1066 1218 vul·

83 1258 156 1336 gari
176 1257 285 1336 lingua
307 1257 425 1338 passim
449 1258 516 1319 sine
538 1258 721 1319 discrimine
741 1257 977 1337 permittantur,
997 1255 1067 1334 plus

85 1357 178 1431 inde,
195 1356 236 1418 ob
252 1356 421 1418 hominum
442 1356 667 1441 temeritatem,
685 1355 879 1430 detrimenti,
896 1371 992 1434 quam
1006 1353 1069 1416 uti-

86 1454 190 1517 litatis
200 1455 287 1530 criri,
306 1454 366 1516 hac
376 1455 408 1516 in
421 1461 510 1534 parte
518 1451 641 1533 judicio
651 1452 800 1534 Episcopi
815 1458 933 1516 stetur:
948 1459 984 1514 ut
995 1467 1070 1514 cum

87 1553 229 1616 consilio
243 1552 376 1632 parochi
397 1553 445 1614 vel
462 1552 658 1626 confessarii,
673 1551 850 1613 Bibliorum
869 1569 886 1612 a
906 1549 1069 1612 catholicis

88 1651 277 1732 auctoribus
289 1668 454 1713 versorum
469 1651 641 1731 lectionem
651 1651 683 1712 in
695 1649 814 1729 vulgari
824 1649 931 1726 lingua
943 1650 987 1712 eis
998 1665 1071 1710 con·

89 1753 207 1814 cedere
222 1752 354 1830 possint,
372 1768 452 1828 quos
469 1749 731 1811 intellexerintex
743 1748 925 1827 hujusmodi
936 1747 1072 1810 lectione

90 1867 159 1910 non
170 1851 335 1922 damnum,
347 1849 402 1932 sed
414 1848 488 1911 fldei
501 1854 596 1928 atque
606 1848 734 1929 pietatis
743 1854 951 1928 augmentum
960 1861 1074 1927 capere

91 1964 188 2027 posse
203 1947 258 2027 (l).
271 1971 287 2003 n
1105 1944 1107 1947 ’

133 2048 164 2106 2.
189 2045 246 2108 «Si
260 2048 436 2112 Bibliorum
451 2046 610 2109 versiones
630 2045 747 2126 vulgari
768 2043 875 2124 lingua
896 2043 1014 2105 fuerint
1035 2041 1074 2104 ah

94 2144 282 2222 Apostolica
297 2146 379 2208 Sede
393 2145 589 2225 approbata,
615 2150 670 2207 aut
684 2144 779 2207 editae
803 2159 876 2204 cum
901 2139 1077 2203 annotatiu-

95 2235 194 2297 nihus
211 2237 388 2319 desumptis
416 2257 454 2302 ex
470 2239 585 2301 sanctis
614 2237 765 2322 Ecclesiae
790 2235 946 2312 Patribus,
960 2233 1009 2296 vel
1040 2249 1078 2293 ex

98 2335 209 2396 doctis
224 2336 453 2416 catholicisque
468 2335 552 2412 viris,
569 2337 790 2398 conceduntur
805 2333 862 2412 (a).
883 2355 895 2391 o

144 2433 184 2496 V.
201 2432 387 2515 Approbotio
398 2435 540 2496 librorum
554 2432 738 2509 edendorum,
759 2451 809 2494 seu
820 2450 943 2493 censura
949 2427 1077 2512 praevia.

99 2531 194 2605 Eum,
206 2532 415 2612 typographia
428 2533 565 2608 inventa,
581 2533 748 2594 noxiorum
766 2521 1080 2592 librorumnumerus

100 2629 311 2704 incresceret,
329 2632 395 2692 Leo
416 2633 442 2693 X
457 2632 490 2692 in
512 2631 655 2693 Concilio
669 2629 872 2693 Lateranensi
888 2630 914 2691 V
930 2624 1081 2698 decrevit,

103 2745 145 2790 ne
164 2727 237 2790 libri
263 2730 331 2790 sine
343 2731 461 2810 praevio
473 2731 617 2792 examine
639 2735 670 2792 ct
685 2729 917 2810 approbatione
930 2721 1081 2804 Episcopi

103 2823 381 2906 imprimerentur.
406 2831 468 2890 Ista
482 2831 532 2890 lex
549 2847 567 2889 a
582 2813 720 2892 concilio
735 2825 923 2890 Tridentino
935 2823 1084 2886 renovata

106 2925 203 2988 estin
218 2925 336 3004 Regula
350 2928 389 2988 X⁸
407 2927 534 2989 Indicis.

146 3023 198 3084 Ad
210 3023 334 3102 praxim
348 3026 433 3105 quod
448 3024 571 3101 attinet,
588 3030 680 3088 aetate
703 3027 812 3086 nostra
825 3016 1022 3100 impossibile
1037 3019 1085 3078 est

105 3141 219 3192 omnes
238 3123 336 3186 libros
346 3126 472 3204 praeviae
486 3142 630 3186 censura
645 3124 820 3203 subjicere3
839 3121 923 3182 unde
939 3116 1025 3198 rigor
1035 3115 1085 3177 le·
1116 3109 1119 3115 '

105 3223 154 3302 gis
168 3224 395 3301 temperandus
410 3223 546 3284 videtur.
564 3223 664 3302 Hujus
691 3217 897 3299 mitigationis
924 3215 1087 3296 specimen

107 3319 199 3381 dedit
213 3321 281 3398 ipse
296 3321 370 3381 Pius
388 3323 428 3382 lX
442 3337 500 3399 pro
526 3321 616 3382 Statu
643 3317 817 3398 pontificio,
836 3318 1021 3389 decernens,
1053 3315 1088 3373 ut

107 3435 253 3482 censura
265 3417 408 3498 subjecta
421 3422 624 3480 remanerent
638 3433 733 3496 opera
746 3415 779 3476 in
796 3415 911 3496 quibus
922 3410 1088 3492 speciatim

139 3563 172 3624 (1)
187 3561 282 3622 Regula
294 3558 326 3608 tv
337 3559 438 3612 lndicis.

143 3643 174 3704 (t)
192 3642 327 3692 Decretum
339 3639 542 3701 congregacionis
556 3637 658 3702 Indicis,
675 3640 703 3689 13
713 3636 779 3699 iunii
795 3636 864 3686 illst.
