<?xml version="1.0" encoding="UTF-8"?>
<!DOCTYPE html PUBLIC "-//W3C//DTD XHTML 1.0 Transitional//EN"
    "http://www.w3.org/TR/xhtml1/DTD/xhtml1-transitional.dtd">
<html xmlns="http://www.w3.org/1999/xhtml" xml:lang="en" lang="en">
 <head>
  <title>
</title>
<meta http-equiv="Content-Type" content="text/html;charset=utf-8" />
  <meta name='ocr-system' content='tesseract 3.04.00' />
  <meta name='ocr-capabilities' content='ocr_page ocr_carea ocr_par ocr_line ocrx_word'/>
</head>
<body>
  <div class='ocr_page' id='page_1' title='image "./expositiomethod01hugugoog_0127.png"; bbox 0 0 2604 4264; ppageno 0'>
   <div class='ocr_carea' id='block_1_1' title="bbox 214 281 1030 335">
    <p class='ocr_par' dir='ltr' id='par_1_1' title="bbox 214 281 1030 335">
     <span class='ocr_line' id='line_1_1' title="bbox 214 281 1030 335; baseline -0.006 0"><span class='ocrx_word' id='word_1_1' title='bbox 214 285 266 335; x_wconf 79' lang='lat' dir='ltr'>tlt</span> <span class='ocrx_word' id='word_1_2' title='bbox 384 283 539 331; x_wconf 72' lang='lat' dir='ltr'>lexeosmo</span> <span class='ocrx_word' id='word_1_3' title='bbox 560 281 739 329; x_wconf 75' lang='lat' dir='ltr'>uuruomca</span> <span class='ocrx_word' id='word_1_4' title='bbox 759 282 844 328; x_wconf 71' lang='lat' dir='ltr'>cums</span> <span class='ocrx_word' id='word_1_5' title='bbox 874 284 1030 332; x_wconf 74' lang='lat' dir='ltr'>cartorum.</span> 
     </span>
    </p>
   </div>
   <div class='ocr_carea' id='block_1_2' title="bbox 212 396 1209 676">
    <p class='ocr_par' dir='ltr' id='par_1_2' title="bbox 212 396 1209 676">
     <span class='ocr_line' id='line_1_2' title="bbox 212 396 1209 482; baseline -0.006 -14"><span class='ocrx_word' id='word_1_6' title='bbox 212 404 349 481; x_wconf 88' lang='lat' dir='ltr'>civitate,</span> <span class='ocrx_word' id='word_1_7' title='bbox 362 419 460 482; x_wconf 84' lang='lat' dir='ltr'>prope</span> <span class='ocrx_word' id='word_1_8' title='bbox 476 399 644 476; x_wconf 77' lang='lat' dir='ltr'>Ecclesiae,</span> <span class='ocrx_word' id='word_1_9' title='bbox 661 399 718 461; x_wconf 87' lang='lat' dir='ltr'>sed</span> <span class='ocrx_word' id='word_1_10' title='bbox 741 397 825 462; x_wconf 85' lang='lat' dir='ltr'>intra</span> <span class='ocrx_word' id='word_1_11' title='bbox 838 396 942 478; x_wconf 82' lang='lat' dir='ltr'>ipsam</span> <span class='ocrx_word' id='word_1_12' title='bbox 956 398 1136 463; x_wconf 72' lang='lat' dir='ltr'><strong>Ecclesiam</strong></span> <span class='ocrx_word' id='word_1_13' title='bbox 1150 417 1209 462; x_wconf 85' lang='lat' dir='ltr'>se—</span> 
     </span>
     <span class='ocr_line' id='line_1_3' title="bbox 214 503 1118 582; baseline -0.014 -16"><span class='ocrx_word' id='word_1_14' title='bbox 214 503 573 582; x_wconf 86' lang='lat' dir='ltr'>pulturaconcessaest.</span> <span class='ocrx_word' id='word_1_15' title='bbox 1116 523 1118 528; x_wconf 35' lang='lat' dir='ltr'>v</span> 
     </span>
     <span class='ocr_line' id='line_1_4' title="bbox 253 590 1198 676; baseline -0.003 -15"><span class='ocrx_word' id='word_1_16' title='bbox 253 590 414 672; x_wconf 83' lang='lat' dir='ltr'>Attamen,</span> <span class='ocrx_word' id='word_1_17' title='bbox 440 597 564 658; x_wconf 90' lang='lat' dir='ltr'>videtur</span> <span class='ocrx_word' id='word_1_18' title='bbox 591 594 743 660; x_wconf 76' lang='lat' dir='ltr'>Ecclesiae</span> <span class='ocrx_word' id='word_1_19' title='bbox 764 612 854 658; x_wconf 88' lang='lat' dir='ltr'>mens</span> <span class='ocrx_word' id='word_1_20' title='bbox 875 612 1002 676; x_wconf 85' lang='lat' dir='ltr'><strong>semper</strong></span> <span class='ocrx_word' id='word_1_21' title='bbox 1027 594 1135 671; x_wconf 86' lang='lat' dir='ltr'>fuisse,</span> <span class='ocrx_word' id='word_1_22' title='bbox 1159 601 1198 658; x_wconf 93' lang='lat' dir='ltr'>ut</span> 
     </span>
    </p>
   </div>
   <div class='ocr_carea' id='block_1_3' title="bbox 214 692 1299 774">
    <p class='ocr_par' dir='ltr' id='par_1_3' title="bbox 214 692 1299 774">
     <span class='ocr_line' id='line_1_5' title="bbox 214 692 1299 774; baseline -0.001 -17"><span class='ocrx_word' id='word_1_23' title='bbox 214 694 356 758; x_wconf 87' lang='lat' dir='ltr'>fidelium</span> <span class='ocrx_word' id='word_1_24' title='bbox 379 712 514 774; x_wconf 89' lang='lat' dir='ltr'>corpora</span> <span class='ocrx_word' id='word_1_25' title='bbox 538 712 603 755; x_wconf 93' lang='lat' dir='ltr'>non</span> <span class='ocrx_word' id='word_1_26' title='bbox 624 693 657 755; x_wconf 89' lang='lat' dir='ltr'>in</span> <span class='ocrx_word' id='word_1_27' title='bbox 685 692 847 770; x_wconf 88' lang='lat' dir='ltr'>Ecclesiis,</span> <span class='ocrx_word' id='word_1_28' title='bbox 872 697 926 758; x_wconf 90' lang='lat' dir='ltr'>sed</span> <span class='ocrx_word' id='word_1_29' title='bbox 950 694 984 756; x_wconf 92' lang='lat' dir='ltr'>in</span> <span class='ocrx_word' id='word_1_30' title='bbox 1007 692 1204 757; x_wconf 87' lang='lat' dir='ltr'>coemeteriis</span> <span class='ocrx_word' id='word_1_31' title='bbox 1298 699 1299 702; x_wconf 76' lang='grc'>’</span> 
     </span>
    </p>
   </div>
   <div class='ocr_carea' id='block_1_4' title="bbox 165 780 1202 1065">
    <p class='ocr_par' dir='ltr' id='par_1_4' title="bbox 165 780 1202 1065">
     <span class='ocr_line' id='line_1_6' title="bbox 214 780 1202 877; baseline -0.004 -20"><span class='ocrx_word' id='word_1_32' title='bbox 214 793 428 872; x_wconf 86' lang='lat' dir='ltr'>sepeliantur;</span> <span class='ocrx_word' id='word_1_33' title='bbox 455 808 529 852; x_wconf 91' lang='lat' dir='ltr'>nam</span> <span class='ocrx_word' id='word_1_34' title='bbox 565 791 689 855; x_wconf 85' lang='lat' dir='ltr'>Rituale</span> <span class='ocrx_word' id='word_1_35' title='bbox 725 795 911 877; x_wconf 25' lang='lat' dir='ltr'>Romanum·</span> <span class='ocrx_word' id='word_1_36' title='bbox 927 780 989 855; x_wconf 67' lang='lat' dir='ltr'>&#39;sic</span> <span class='ocrx_word' id='word_1_37' title='bbox 1022 790 1202 854; x_wconf 77' lang='lat' dir='ltr'>decernit:</span> 
     </span>
     <span class='ocr_line' id='line_1_7' title="bbox 165 885 1202 967; baseline 0.002 -19"><span class='ocrx_word' id='word_1_38' title='bbox 165 934 168 939; x_wconf 87' lang='lat'><em>.</em></span> <span class='ocrx_word' id='word_1_39' title='bbox 216 888 308 953; x_wconf 71' lang='lat' dir='ltr'>«Ubi</span> <span class='ocrx_word' id='word_1_40' title='bbox 326 885 552 967; x_wconf 83' lang='lat' dir='ltr'>vigetantiqua</span> <span class='ocrx_word' id='word_1_41' title='bbox 575 888 774 949; x_wconf 89' lang='lat' dir='ltr'>consuetudo</span> <span class='ocrx_word' id='word_1_42' title='bbox 797 887 973 967; x_wconf 89' lang='lat' dir='ltr'>sepeliendi</span> <span class='ocrx_word' id='word_1_43' title='bbox 996 894 1142 950; x_wconf 88' lang='lat' dir='ltr'>mortuos</span> <span class='ocrx_word' id='word_1_44' title='bbox 1166 887 1202 950; x_wconf 91' lang='lat' dir='ltr'>in</span> 
     </span>
     <span class='ocr_line' id='line_1_8' title="bbox 215 983 1200 1065; baseline -0.009 -14"><span class='ocrx_word' id='word_1_45' title='bbox 215 985 411 1058; x_wconf 82' lang='lat' dir='ltr'>coemeterio,</span> <span class='ocrx_word' id='word_1_46' title='bbox 430 983 614 1061; x_wconf 78' lang='lat' dir='ltr'>retineatur,</span> <span class='ocrx_word' id='word_1_47' title='bbox 632 990 663 1046; x_wconf 87' lang='lat' dir='ltr'>et</span> <span class='ocrx_word' id='word_1_48' title='bbox 675 983 731 1045; x_wconf 93' lang='lat' dir='ltr'>ubi</span> <span class='ocrx_word' id='word_1_49' title='bbox 748 983 818 1045; x_wconf 85' lang='lat' dir='ltr'>deri</span> <span class='ocrx_word' id='word_1_50' title='bbox 837 990 953 1065; x_wconf 87' lang='lat' dir='ltr'>potest,</span> <span class='ocrx_word' id='word_1_51' title='bbox 967 984 1169 1049; x_wconf 87' lang='lat' dir='ltr'>restituatur.</span> <span class='ocrx_word' id='word_1_52' title='bbox 1185 1005 1200 1043; x_wconf 80' lang='lat' dir='ltr'>a</span> 
     </span>
    </p>
   </div>
   <div class='ocr_carea' id='block_1_5' title="bbox 164 1081 1300 1164">
    <p class='ocr_par' dir='ltr' id='par_1_5' title="bbox 164 1081 1300 1164">
     <span class='ocr_line' id='line_1_9' title="bbox 164 1081 1300 1164; baseline -0.002 -17"><span class='ocrx_word' id='word_1_53' title='bbox 164 1159 166 1164; x_wconf 68' lang='lat'>,</span> <span class='ocrx_word' id='word_1_54' title='bbox 255 1086 292 1147; x_wconf 91' lang='lat' dir='ltr'>ll.</span> <span class='ocrx_word' id='word_1_55' title='bbox 308 1083 474 1146; x_wconf 80' lang='lat' dir='ltr'>Benedictio</span> <span class='ocrx_word' id='word_1_56' title='bbox 486 1083 650 1144; x_wconf 71' lang='lat' dir='ltr'>coemeterii.</span> <span class='ocrx_word' id='word_1_57' title='bbox 667 1085 800 1144; x_wconf 90' lang='lat' dir='ltr'>-Ante</span> <span class='ocrx_word' id='word_1_58' title='bbox 813 1081 1083 1158; x_wconf 84' lang='lat' dir='ltr'>benedictionem,</span> <span class='ocrx_word' id='word_1_59' title='bbox 1100 1100 1202 1163; x_wconf 87' lang='lat' dir='ltr'>opor·</span> <span class='ocrx_word' id='word_1_60' title='bbox 1299 1082 1300 1154; x_wconf 71' lang='grc' dir='ltr'>Ῐ</span> 
     </span>
    </p>
   </div>
   <div class='ocr_carea' id='block_1_6' title="bbox 216 1179 1206 1554">
    <p class='ocr_par' dir='ltr' id='par_1_6' title="bbox 216 1179 1139 1261">
     <span class='ocr_line' id='line_1_10' title="bbox 216 1179 1139 1261; baseline -0.004 -14"><span class='ocrx_word' id='word_1_61' title='bbox 216 1188 262 1248; x_wconf 90' lang='lat' dir='ltr'>tet</span> <span class='ocrx_word' id='word_1_62' title='bbox 274 1181 456 1245; x_wconf 75' lang='lat' dir='ltr'>coemeteria</span> <span class='ocrx_word' id='word_1_63' title='bbox 470 1197 563 1242; x_wconf 93' lang='lat' dir='ltr'>muro</span> <span class='ocrx_word' id='word_1_64' title='bbox 576 1179 768 1243; x_wconf 88' lang='lat' dir='ltr'>circumdari</span> <span class='ocrx_word' id='word_1_65' title='bbox 780 1185 812 1242; x_wconf 91' lang='lat' dir='ltr'>et</span> <span class='ocrx_word' id='word_1_66' title='bbox 825 1182 889 1242; x_wconf 88' lang='lat' dir='ltr'>alta</span> <span class='ocrx_word' id='word_1_67' title='bbox 903 1199 998 1245; x_wconf 90' lang='lat' dir='ltr'>cruce</span> <span class='ocrx_word' id='word_1_68' title='bbox 1010 1179 1139 1261; x_wconf 84' lang='lat' dir='ltr'>signari.</span> 
     </span>
    </p>

    <p class='ocr_par' dir='ltr' id='par_1_7' title="bbox 216 1277 1206 1554">
     <span class='ocr_line' id='line_1_11' title="bbox 256 1277 1203 1359; baseline -0.002 -17"><span class='ocrx_word' id='word_1_69' title='bbox 256 1281 306 1343; x_wconf 91' lang='lat' dir='ltr'>Ab</span> <span class='ocrx_word' id='word_1_70' title='bbox 320 1280 489 1359; x_wconf 90' lang='lat' dir='ltr'>Episcopo,</span> <span class='ocrx_word' id='word_1_71' title='bbox 497 1280 546 1339; x_wconf 92' lang='lat' dir='ltr'>vel</span> <span class='ocrx_word' id='word_1_72' title='bbox 559 1296 577 1339; x_wconf 91' lang='lat' dir='ltr'>a</span> <span class='ocrx_word' id='word_1_73' title='bbox 588 1277 774 1357; x_wconf 86' lang='lat' dir='ltr'>presbytero</span> <span class='ocrx_word' id='word_1_74' title='bbox 781 1296 877 1357; x_wconf 90' lang='lat' dir='ltr'>quem</span> <span class='ocrx_word' id='word_1_75' title='bbox 886 1278 1060 1358; x_wconf 80' lang='lat' dir='ltr'>Episcopus</span> <span class='ocrx_word' id='word_1_76' title='bbox 1070 1281 1203 1358; x_wconf 82' lang='lat' dir='ltr'>deputa·</span> 
     </span>
     <span class='ocr_line' id='line_1_12' title="bbox 217 1374 1205 1454; baseline -0.005 -12"><span class='ocrx_word' id='word_1_77' title='bbox 217 1377 307 1454; x_wconf 84' lang='lat' dir='ltr'>verit,</span> <span class='ocrx_word' id='word_1_78' title='bbox 336 1377 400 1439; x_wconf 90' lang='lat' dir='ltr'>ritu</span> <span class='ocrx_word' id='word_1_79' title='bbox 423 1374 559 1438; x_wconf 88' lang='lat' dir='ltr'>solemni</span> <span class='ocrx_word' id='word_1_80' title='bbox 578 1374 822 1450; x_wconf 88' lang='lat' dir='ltr'>benedicuntur,</span> <span class='ocrx_word' id='word_1_81' title='bbox 849 1382 884 1438; x_wconf 87' lang='lat' dir='ltr'>ut</span> <span class='ocrx_word' id='word_1_82' title='bbox 900 1377 1015 1438; x_wconf 78' lang='lat' dir='ltr'>animae</span> <span class='ocrx_word' id='word_1_83' title='bbox 1036 1377 1205 1438; x_wconf 86' lang='lat' dir='ltr'>defuncto-</span> 
     </span>
     <span class='ocr_line' id='line_1_13' title="bbox 216 1471 1206 1554; baseline -0.006 -14"><span class='ocrx_word' id='word_1_84' title='bbox 216 1493 300 1552; x_wconf 89' lang='lat' dir='ltr'>rum,</span> <span class='ocrx_word' id='word_1_85' title='bbox 325 1473 425 1554; x_wconf 82' lang='lat' dir='ltr'>magis</span> <span class='ocrx_word' id='word_1_86' title='bbox 441 1491 459 1534; x_wconf 91' lang='lat' dir='ltr'>a</span> <span class='ocrx_word' id='word_1_87' title='bbox 476 1471 641 1552; x_wconf 88' lang='lat' dir='ltr'>spiritibus</span> <span class='ocrx_word' id='word_1_88' title='bbox 661 1472 846 1550; x_wconf 90' lang='lat' dir='ltr'>immundis,</span> <span class='ocrx_word' id='word_1_89' title='bbox 871 1473 1029 1536; x_wconf 89' lang='lat' dir='ltr'>immunes</span> <span class='ocrx_word' id='word_1_90' title='bbox 1054 1478 1206 1552; x_wconf 91' lang='lat' dir='ltr'>reputen-</span> 
     </span>
    </p>
   </div>
   <div class='ocr_carea' id='block_1_7' title="bbox 216 1569 1301 1651">
    <p class='ocr_par' dir='ltr' id='par_1_8' title="bbox 216 1569 1301 1651">
     <span class='ocr_line' id='line_1_14' title="bbox 216 1569 1301 1651; baseline -0.005 -15"><span class='ocrx_word' id='word_1_91' title='bbox 216 1580 278 1648; x_wconf 86' lang='lat' dir='ltr'>tur,</span> <span class='ocrx_word' id='word_1_92' title='bbox 296 1578 327 1635; x_wconf 86' lang='lat' dir='ltr'>et</span> <span class='ocrx_word' id='word_1_93' title='bbox 340 1569 562 1650; x_wconf 79' lang='lat' dir='ltr'>suffragiorum</span> <span class='ocrx_word' id='word_1_94' title='bbox 577 1570 727 1633; x_wconf 75' lang='lat' dir='ltr'>Ecclesia</span> <span class='ocrx_word' id='word_1_95' title='bbox 743 1570 806 1634; x_wconf 92' lang='lat' dir='ltr'>sint</span> <span class='ocrx_word' id='word_1_96' title='bbox 816 1571 996 1651; x_wconf 78' lang='lat' dir='ltr'>participes.</span> <span class='ocrx_word' id='word_1_97' title='bbox 1015 1574 1202 1650; x_wconf 84' lang='lat' dir='ltr'>Propterea,</span> <span class='ocrx_word' id='word_1_98' title='bbox 1300 1611 1301 1620; x_wconf 23' lang='grc' dir='ltr'>η</span> 
     </span>
    </p>
   </div>
   <div class='ocr_carea' id='block_1_8' title="bbox 219 1667 1282 2722">
    <p class='ocr_par' dir='ltr' id='par_1_9' title="bbox 220 1667 1206 1831">
     <span class='ocr_line' id='line_1_15' title="bbox 220 1667 1206 1750; baseline 0 -20"><span class='ocrx_word' id='word_1_99' title='bbox 220 1669 253 1730; x_wconf 91' lang='lat' dir='ltr'>in</span> <span class='ocrx_word' id='word_1_100' title='bbox 266 1667 457 1732; x_wconf 86' lang='lat' dir='ltr'>coemeteriis</span> <span class='ocrx_word' id='word_1_101' title='bbox 472 1667 651 1731; x_wconf 87' lang='lat' dir='ltr'>benedictis</span> <span class='ocrx_word' id='word_1_102' title='bbox 663 1669 790 1732; x_wconf 91' lang='lat' dir='ltr'>humari</span> <span class='ocrx_word' id='word_1_103' title='bbox 805 1670 923 1732; x_wconf 90' lang='lat' dir='ltr'>debent</span> <span class='ocrx_word' id='word_1_104' title='bbox 938 1669 984 1731; x_wconf 94' lang='lat' dir='ltr'>illi</span> <span class='ocrx_word' id='word_1_105' title='bbox 1009 1674 1138 1732; x_wconf 89' lang='lat' dir='ltr'>tantum</span> <span class='ocrx_word' id='word_1_106' title='bbox 1149 1669 1206 1750; x_wconf 91' lang='lat' dir='ltr'>qui</span> 
     </span>
     <span class='ocr_line' id='line_1_16' title="bbox 220 1766 919 1831; baseline 0.001 -2"><span class='ocrx_word' id='word_1_107' title='bbox 220 1768 255 1829; x_wconf 93' lang='lat' dir='ltr'>in</span> <span class='ocrx_word' id='word_1_108' title='bbox 268 1767 495 1831; x_wconf 90' lang='lat' dir='ltr'>communione</span> <span class='ocrx_word' id='word_1_109' title='bbox 509 1766 661 1830; x_wconf 81' lang='lat' dir='ltr'>Ecclesiae</span> <span class='ocrx_word' id='word_1_110' title='bbox 677 1767 820 1830; x_wconf 85' lang='lat' dir='ltr'>defuncti</span> <span class='ocrx_word' id='word_1_111' title='bbox 834 1773 919 1830; x_wconf 89' lang='lat' dir='ltr'>sunt.</span> 
     </span>
    </p>

    <p class='ocr_par' dir='ltr' id='par_1_10' title="bbox 257 1862 889 1945">
     <span class='ocr_line' id='line_1_17' title="bbox 257 1862 889 1945; baseline -0.002 -18"><span class='ocrx_word' id='word_1_112' title='bbox 257 1867 309 1927; x_wconf 88' lang='lat'><em>111.</em></span> <span class='ocrx_word' id='word_1_113' title='bbox 328 1862 353 1926; x_wconf 83' lang='lat' dir='ltr'><em>C</em></span> <span class='ocrx_word' id='word_1_114' title='bbox 353 1865 495 1926; x_wconf 76' lang='lat' dir='ltr'>cemeterii</span> <span class='ocrx_word' id='word_1_115' title='bbox 505 1864 633 1945; x_wconf 81' lang='lat' dir='ltr'>pollutio</span> <span class='ocrx_word' id='word_1_116' title='bbox 642 1873 671 1925; x_wconf 89' lang='lat' dir='ltr'>et</span> <span class='ocrx_word' id='word_1_117' title='bbox 683 1865 889 1926; x_wconf 79' lang='lat' dir='ltr'>reconciliatio.</span> 
     </span>
    </p>

    <p class='ocr_par' dir='ltr' id='par_1_11' title="bbox 219 1960 1282 2334">
     <span class='ocr_line' id='line_1_18' title="bbox 259 1960 1206 2041; baseline 0 -18"><span class='ocrx_word' id='word_1_118' title='bbox 259 1966 291 2023; x_wconf 87' lang='lat' dir='ltr'>l⁰</span> <span class='ocrx_word' id='word_1_119' title='bbox 302 1961 528 2025; x_wconf 85' lang='lat' dir='ltr'>Coemeterium</span> <span class='ocrx_word' id='word_1_120' title='bbox 548 1963 703 2041; x_wconf 84' lang='lat' dir='ltr'>polluitur</span> <span class='ocrx_word' id='word_1_121' title='bbox 717 1962 830 2024; x_wconf 90' lang='lat' dir='ltr'>iisdem</span> <span class='ocrx_word' id='word_1_122' title='bbox 846 1961 949 2024; x_wconf 92' lang='lat' dir='ltr'>modis</span> <span class='ocrx_word' id='word_1_123' title='bbox 967 1960 1084 2040; x_wconf 86' lang='lat' dir='ltr'>quibus</span> <span class='ocrx_word' id='word_1_124' title='bbox 1097 1963 1206 2024; x_wconf 90' lang='lat' dir='ltr'>Eccle-</span> 
     </span>
     <span class='ocr_line' id='line_1_19' title="bbox 219 2056 1206 2139; baseline -0.003 -18"><span class='ocrx_word' id='word_1_125' title='bbox 219 2058 275 2122; x_wconf 86' lang='lat' dir='ltr'>sia.</span> <span class='ocrx_word' id='word_1_126' title='bbox 289 2061 370 2134; x_wconf 85' lang='lat' dir='ltr'>Imo,</span> <span class='ocrx_word' id='word_1_127' title='bbox 386 2061 509 2139; x_wconf 89' lang='lat' dir='ltr'>polluta</span> <span class='ocrx_word' id='word_1_128' title='bbox 529 2058 682 2136; x_wconf 79' lang='lat' dir='ltr'>Ecclesia,</span> <span class='ocrx_word' id='word_1_129' title='bbox 700 2059 795 2122; x_wconf 86' lang='lat' dir='ltr'>etiam</span> <span class='ocrx_word' id='word_1_130' title='bbox 814 2058 969 2138; x_wconf 90' lang='lat' dir='ltr'>polluitur</span> <span class='ocrx_word' id='word_1_131' title='bbox 984 2056 1206 2120; x_wconf 70' lang='lat' dir='ltr'>coemeterium</span> 
     </span>
     <span class='ocr_line' id='line_1_20' title="bbox 220 2154 1282 2235; baseline -0.005 -18"><span class='ocrx_word' id='word_1_132' title='bbox 220 2154 416 2233; x_wconf 79' lang='lat' dir='ltr'>contiguum,</span> <span class='ocrx_word' id='word_1_133' title='bbox 442 2156 610 2235; x_wconf 85' lang='lat' dir='ltr'>quiaillud</span> <span class='ocrx_word' id='word_1_134' title='bbox 631 2162 679 2219; x_wconf 89' lang='lat' dir='ltr'>est</span> <span class='ocrx_word' id='word_1_135' title='bbox 696 2158 911 2219; x_wconf 86' lang='lat' dir='ltr'>accessorium</span> <span class='ocrx_word' id='word_1_136' title='bbox 933 2155 1089 2231; x_wconf 73' lang='lat' dir='ltr'>ecclesiae,</span> <span class='ocrx_word' id='word_1_137' title='bbox 1106 2159 1140 2216; x_wconf 92' lang='lat' dir='ltr'>et</span> <span class='ocrx_word' id='word_1_138' title='bbox 1158 2171 1207 2216; x_wconf 90' lang='lat' dir='ltr'>ac·</span> <span class='ocrx_word' id='word_1_139' title='bbox 1280 2209 1282 2212; x_wconf 84' lang='grc'><em>,</em></span> 
     </span>
     <span class='ocr_line' id='line_1_21' title="bbox 219 2251 757 2334; baseline 0.009 -20"><span class='ocrx_word' id='word_1_140' title='bbox 219 2251 394 2315; x_wconf 87' lang='lat' dir='ltr'>oessbrium</span> <span class='ocrx_word' id='word_1_141' title='bbox 407 2254 549 2333; x_wconf 89' lang='lat' dir='ltr'>sequitur</span> <span class='ocrx_word' id='word_1_142' title='bbox 568 2253 757 2334; x_wconf 87' lang='lat' dir='ltr'>principale.</span> 
     </span>
    </p>

    <p class='ocr_par' dir='ltr' id='par_1_12' title="bbox 220 2349 1207 2722">
     <span class='ocr_line' id='line_1_22' title="bbox 258 2349 1206 2430; baseline 0 -21"><span class='ocrx_word' id='word_1_143' title='bbox 258 2353 291 2410; x_wconf 72' lang='lat'>2⁰</span> <span class='ocrx_word' id='word_1_144' title='bbox 318 2351 354 2410; x_wconf 93' lang='lat' dir='ltr'>In</span> <span class='ocrx_word' id='word_1_145' title='bbox 379 2349 563 2413; x_wconf 78' lang='lat' dir='ltr'>caemeterio</span> <span class='ocrx_word' id='word_1_146' title='bbox 582 2353 717 2430; x_wconf 90' lang='lat' dir='ltr'>polluto,</span> <span class='ocrx_word' id='word_1_147' title='bbox 747 2353 849 2414; x_wconf 84' lang='lat' dir='ltr'>donec</span> <span class='ocrx_word' id='word_1_148' title='bbox 876 2349 1112 2422; x_wconf 89' lang='lat' dir='ltr'>reconcilietur,</span> <span class='ocrx_word' id='word_1_149' title='bbox 1140 2365 1206 2410; x_wconf 92' lang='lat' dir='ltr'>non</span> 
     </span>
     <span class='ocr_line' id='line_1_23' title="bbox 222 2443 1205 2528; baseline -0.001 -22"><span class='ocrx_word' id='word_1_150' title='bbox 222 2444 319 2506; x_wconf 89' lang='lat' dir='ltr'>debet</span> <span class='ocrx_word' id='word_1_151' title='bbox 333 2445 446 2524; x_wconf 92' lang='lat' dir='ltr'>aliquis</span> <span class='ocrx_word' id='word_1_152' title='bbox 461 2447 598 2528; x_wconf 89' lang='lat' dir='ltr'>sepeliri.</span> <span class='ocrx_word' id='word_1_153' title='bbox 613 2446 885 2510; x_wconf 86' lang='lat' dir='ltr'>Reconciliatiolit</span> <span class='ocrx_word' id='word_1_154' title='bbox 898 2449 947 2510; x_wconf 88' lang='lat' dir='ltr'>vel</span> <span class='ocrx_word' id='word_1_155' title='bbox 963 2443 1153 2508; x_wconf 86' lang='lat' dir='ltr'>solemniter</span> <span class='ocrx_word' id='word_1_156' title='bbox 1165 2444 1205 2506; x_wconf 90' lang='lat' dir='ltr'>ab</span> 
     </span>
     <span class='ocr_line' id='line_1_24' title="bbox 220 2541 1207 2625; baseline -0.001 -21"><span class='ocrx_word' id='word_1_157' title='bbox 220 2541 380 2623; x_wconf 80' lang='lat' dir='ltr'>Episcopo</span> <span class='ocrx_word' id='word_1_158' title='bbox 392 2545 481 2624; x_wconf 87' lang='lat' dir='ltr'>juxta</span> <span class='ocrx_word' id='word_1_159' title='bbox 491 2543 589 2606; x_wconf 89' lang='lat' dir='ltr'>ritum</span> <span class='ocrx_word' id='word_1_160' title='bbox 602 2544 807 2622; x_wconf 86' lang='lat' dir='ltr'>Pontificalis,</span> <span class='ocrx_word' id='word_1_161' title='bbox 823 2545 905 2607; x_wconf 88' lang='lat' dir='ltr'>vela</span> <span class='ocrx_word' id='word_1_162' title='bbox 921 2544 1107 2625; x_wconf 87' lang='lat' dir='ltr'>presbytero</span> <span class='ocrx_word' id='word_1_163' title='bbox 1121 2543 1207 2604; x_wconf 91' lang='lat' dir='ltr'>dele·</span> 
     </span>
     <span class='ocr_line' id='line_1_25' title="bbox 222 2639 539 2722; baseline 0 -20"><span class='ocrx_word' id='word_1_164' title='bbox 222 2646 294 2720; x_wconf 83' lang='lat' dir='ltr'>gato</span> <span class='ocrx_word' id='word_1_165' title='bbox 302 2641 392 2722; x_wconf 81' lang='lat' dir='ltr'>juxta</span> <span class='ocrx_word' id='word_1_166' title='bbox 405 2639 539 2704; x_wconf 86' lang='lat' dir='ltr'>Rituale.</span> 
     </span>
    </p>
   </div>
   <div class='ocr_carea' id='block_1_9' title="bbox 529 2783 895 2848">
    <p class='ocr_par' dir='ltr' id='par_1_13' title="bbox 529 2783 895 2848">
     <span class='ocr_line' id='line_1_26' title="bbox 529 2783 895 2848; baseline 0.011 -14"><span class='ocrx_word' id='word_1_167' title='bbox 529 2783 581 2848; x_wconf 73' lang='lat'>53.</span> <span class='ocrx_word' id='word_1_168' title='bbox 597 2811 628 2824; x_wconf 88' lang='lat'><em>-</em></span> <span class='ocrx_word' id='word_1_169' title='bbox 642 2783 680 2837; x_wconf 84' lang='lat' dir='ltr'>Ite</span> <span class='ocrx_word' id='word_1_170' title='bbox 696 2785 766 2838; x_wconf 79' lang='lat' dir='ltr'>loeis</span> <span class='ocrx_word' id='word_1_171' title='bbox 778 2788 895 2840; x_wconf 69' lang='lat' dir='ltr'>caneda</span> 
     </span>
    </p>
   </div>
   <div class='ocr_carea' id='block_1_10' title="bbox 223 2908 1206 3090">
    <p class='ocr_par' dir='ltr' id='par_1_14' title="bbox 223 2908 1206 3090">
     <span class='ocr_line' id='line_1_27' title="bbox 260 2908 1206 2991; baseline 0.002 -21"><span class='ocrx_word' id='word_1_172' title='bbox 260 2908 402 2970; x_wconf 89' lang='lat' dir='ltr'>Ecclesia</span> <span class='ocrx_word' id='word_1_173' title='bbox 415 2913 583 2970; x_wconf 83' lang='lat' dir='ltr'>veneratur</span> <span class='ocrx_word' id='word_1_174' title='bbox 596 2909 693 2972; x_wconf 87' lang='lat' dir='ltr'>etiam</span> <span class='ocrx_word' id='word_1_175' title='bbox 713 2912 784 2973; x_wconf 90' lang='lat' dir='ltr'>loca</span> <span class='ocrx_word' id='word_1_176' title='bbox 798 2930 869 2991; x_wconf 80' lang='lat' dir='ltr'>quae</span> <span class='ocrx_word' id='word_1_177' title='bbox 883 2911 939 2974; x_wconf 86' lang='lat' dir='ltr'>Dei</span> <span class='ocrx_word' id='word_1_178' title='bbox 958 2914 1005 2974; x_wconf 89' lang='lat' dir='ltr'>vel</span> <span class='ocrx_word' id='word_1_179' title='bbox 1020 2917 1206 2975; x_wconf 86' lang='lat' dir='ltr'>sanctorum</span> 
     </span>
     <span class='ocr_line' id='line_1_28' title="bbox 223 3004 1203 3090; baseline 0.003 -24"><span class='ocrx_word' id='word_1_180' title='bbox 223 3004 371 3083; x_wconf 89' lang='lat' dir='ltr'>operibus</span> <span class='ocrx_word' id='word_1_181' title='bbox 394 3007 590 3070; x_wconf 78' lang='lat' dir='ltr'>sanctificata</span> <span class='ocrx_word' id='word_1_182' title='bbox 610 3013 769 3072; x_wconf 88' lang='lat' dir='ltr'>censetur.</span> <span class='ocrx_word' id='word_1_183' title='bbox 785 3012 931 3072; x_wconf 87' lang='lat' dir='ltr'>lamvero</span> <span class='ocrx_word' id='word_1_184' title='bbox 947 3009 1103 3090; x_wconf 89' lang='lat' dir='ltr'>ejusmodi</span> <span class='ocrx_word' id='word_1_185' title='bbox 1122 3009 1203 3073; x_wconf 95' lang='lat' dir='ltr'>locis</span> 
     </span>
    </p>
   </div>
   <div class='ocr_carea' id='block_1_11' title="bbox 222 3102 1206 3276">
    <p class='ocr_par' dir='ltr' id='par_1_15' title="bbox 222 3102 1206 3276">
     <span class='ocr_line' id='line_1_29' title="bbox 222 3102 1206 3188; baseline 0.011 -28"><span class='ocrx_word' id='word_1_186' title='bbox 222 3102 325 3162; x_wconf 88' lang='lat' dir='ltr'>cultus</span> <span class='ocrx_word' id='word_1_187' title='bbox 341 3103 509 3167; x_wconf 84' lang='lat' dir='ltr'>exhibetur</span> <span class='ocrx_word' id='word_1_188' title='bbox 520 3123 577 3184; x_wconf 88' lang='lat' dir='ltr'>per</span> <span class='ocrx_word' id='word_1_189' title='bbox 590 3104 802 3169; x_wconf 85' lang='lat' dir='ltr'>visitationem</span> <span class='ocrx_word' id='word_1_190' title='bbox 822 3125 893 3188; x_wconf 84' lang='lat' dir='ltr'>quae</span> <span class='ocrx_word' id='word_1_191' title='bbox 916 3106 1086 3187; x_wconf 89' lang='lat' dir='ltr'>multiplici</span> <span class='ocrx_word' id='word_1_192' title='bbox 1107 3109 1206 3171; x_wconf 91' lang='lat' dir='ltr'>modo</span> 
     </span>
     <span class='ocr_line' id='line_1_30' title="bbox 224 3198 600 3276; baseline 0.013 -19"><span class='ocrx_word' id='word_1_193' title='bbox 224 3198 396 3276; x_wconf 83' lang='lat' dir='ltr'>perficitur.</span> <span class='ocrx_word' id='word_1_194' title='bbox 491 3221 492 3228; x_wconf 50' lang='lat'>¹</span> <span class='ocrx_word' id='word_1_195' title='bbox 598 3207 600 3211; x_wconf 79' lang='grc'><strong>“</strong></span> 
     </span>
    </p>
   </div>
   <div class='ocr_carea' id='block_1_12' title="bbox 221 3293 1208 3672">
    <p class='ocr_par' dir='ltr' id='par_1_16' title="bbox 221 3293 1208 3672">
     <span class='ocr_line' id='line_1_31' title="bbox 261 3293 1206 3382; baseline 0.01 -29"><span class='ocrx_word' id='word_1_196' title='bbox 261 3294 286 3354; x_wconf 92' lang='grc' dir='ltr'>Ι.</span> <span class='ocrx_word' id='word_1_197' title='bbox 303 3293 501 3362; x_wconf 85' lang='lat' dir='ltr'>Processiones</span> <span class='ocrx_word' id='word_1_198' title='bbox 515 3302 554 3362; x_wconf 88' lang='lat' dir='ltr'>ad</span> <span class='ocrx_word' id='word_1_199' title='bbox 566 3303 638 3365; x_wconf 87' lang='lat' dir='ltr'>loca</span> <span class='ocrx_word' id='word_1_200' title='bbox 651 3300 804 3365; x_wconf 87' lang='lat' dir='ltr'>viciniora</span> <span class='ocrx_word' id='word_1_201' title='bbox 820 3299 1016 3382; x_wconf 83' lang='lat' dir='ltr'>diriguntur3</span> <span class='ocrx_word' id='word_1_202' title='bbox 1033 3308 1107 3364; x_wconf 88' lang='lat' dir='ltr'>sunt</span> <span class='ocrx_word' id='word_1_203' title='bbox 1120 3302 1206 3364; x_wconf 87' lang='lat' dir='ltr'>enim</span> 
     </span>
     <span class='ocr_line' id='line_1_32' title="bbox 222 3389 1205 3474; baseline 0.009 -22"><span class='ocrx_word' id='word_1_204' title='bbox 222 3389 360 3469; x_wconf 85' lang='lat' dir='ltr'>publicae</span> <span class='ocrx_word' id='word_1_205' title='bbox 383 3397 629 3474; x_wconf 88' lang='lat' dir='ltr'>supplicationes</span> <span class='ocrx_word' id='word_1_206' title='bbox 644 3403 710 3462; x_wconf 89' lang='lat' dir='ltr'>Deo</span> <span class='ocrx_word' id='word_1_207' title='bbox 731 3401 823 3462; x_wconf 86' lang='lat' dir='ltr'>lactae</span> <span class='ocrx_word' id='word_1_208' title='bbox 845 3402 965 3463; x_wconf 88' lang='lat' dir='ltr'>aclero</span> <span class='ocrx_word' id='word_1_209' title='bbox 985 3406 1016 3462; x_wconf 92' lang='lat' dir='ltr'>et</span> <span class='ocrx_word' id='word_1_210' title='bbox 1031 3397 1205 3462; x_wconf 88' lang='lat' dir='ltr'>christiano</span> 
     </span>
     <span class='ocr_line' id='line_1_33' title="bbox 222 3491 1208 3577; baseline 0.009 -30"><span class='ocrx_word' id='word_1_211' title='bbox 222 3491 354 3568; x_wconf 87' lang='lat' dir='ltr'>populo,</span> <span class='ocrx_word' id='word_1_212' title='bbox 376 3494 461 3554; x_wconf 89' lang='lat' dir='ltr'>velut</span> <span class='ocrx_word' id='word_1_213' title='bbox 475 3496 601 3574; x_wconf 84' lang='lat' dir='ltr'>agmine</span> <span class='ocrx_word' id='word_1_214' title='bbox 617 3500 714 3560; x_wconf 90' lang='lat' dir='ltr'>ducto</span> <span class='ocrx_word' id='word_1_215' title='bbox 729 3496 859 3577; x_wconf 88' lang='lat' dir='ltr'>pervias</span> <span class='ocrx_word' id='word_1_216' title='bbox 875 3496 1045 3558; x_wconf 89' lang='lat' dir='ltr'>ordinatim</span> <span class='ocrx_word' id='word_1_217' title='bbox 1054 3497 1208 3560; x_wconf 91' lang='lat' dir='ltr'>inceden-</span> 
     </span>
     <span class='ocr_line' id='line_1_34' title="bbox 221 3583 1076 3672; baseline 0.018 -25"><span class='ocrx_word' id='word_1_218' title='bbox 221 3583 320 3664; x_wconf 88' lang='lat' dir='ltr'>tihus,</span> <span class='ocrx_word' id='word_1_219' title='bbox 337 3593 369 3650; x_wconf 91' lang='lat' dir='ltr'>et</span> <span class='ocrx_word' id='word_1_220' title='bbox 382 3590 421 3650; x_wconf 88' lang='lat' dir='ltr'>de</span> <span class='ocrx_word' id='word_1_221' title='bbox 434 3591 506 3654; x_wconf 92' lang='lat' dir='ltr'>loco</span> <span class='ocrx_word' id='word_1_222' title='bbox 521 3612 610 3657; x_wconf 89' lang='lat' dir='ltr'>sacro</span> <span class='ocrx_word' id='word_1_223' title='bbox 622 3597 662 3656; x_wconf 88' lang='lat' dir='ltr'>ad</span> <span class='ocrx_word' id='word_1_224' title='bbox 673 3612 802 3658; x_wconf 87' lang='lat' dir='ltr'>sacrum</span> <span class='ocrx_word' id='word_1_225' title='bbox 815 3593 1076 3672; x_wconf 82' lang='lat' dir='ltr'>procedentibus.</span> 
     </span>
    </p>
   </div>
   <div class='ocr_carea' id='block_1_13' title="bbox 0 0 1309 4264">
    <p class='ocr_par' dir='ltr' id='par_1_17' title="bbox 0 0 1309 4264">
     <span class='ocr_line' id='line_1_35' title="bbox 0 0 1309 4264; baseline 0 0"><span class='ocrx_word' id='word_1_226' title='bbox 0 0 1309 4264; x_wconf 95' lang='lat' dir='ltr'> </span> 
     </span>
    </p>
   </div>
  </div>
 </body>
</html>
