<?xml version="1.0" encoding="UTF-8"?>
<!DOCTYPE html PUBLIC "-//W3C//DTD XHTML 1.0 Transitional//EN"
    "http://www.w3.org/TR/xhtml1/DTD/xhtml1-transitional.dtd">
<html xmlns="http://www.w3.org/1999/xhtml" xml:lang="en" lang="en">
 <head>
  <title>
</title>
<meta http-equiv="Content-Type" content="text/html;charset=utf-8" />
  <meta name='ocr-system' content='tesseract 3.04.00' />
  <meta name='ocr-capabilities' content='ocr_page ocr_carea ocr_par ocr_line ocrx_word'/>
</head>
<body>
  <div class='ocr_page' id='page_1' title='image "./expositiomethod01hugugoog_0211.png"; bbox 0 0 2590 4262; ppageno 0'>
   <div class='ocr_carea' id='block_1_1' title="bbox 210 251 1007 308">
    <p class='ocr_par' dir='ltr' id='par_1_1' title="bbox 210 251 1007 308">
     <span class='ocr_line' id='line_1_1' title="bbox 210 251 1007 308; baseline 0.016 -13"><span class='ocrx_word' id='word_1_1' title='bbox 210 251 262 296; x_wconf 71' lang='lat'>200</span> <span class='ocrx_word' id='word_1_2' title='bbox 370 254 526 300; x_wconf 81' lang='lat' dir='ltr'>EXPOSITIO</span> <span class='ocrx_word' id='word_1_3' title='bbox 548 256 726 304; x_wconf 77' lang='lat' dir='ltr'>nnanobtcll</span> <span class='ocrx_word' id='word_1_4' title='bbox 746 259 829 305; x_wconf 74' lang='lat' dir='ltr'>touls</span> <span class='ocrx_word' id='word_1_5' title='bbox 852 261 1007 308; x_wconf 71' lang='lat' dir='ltr'>canonici.</span> 
     </span>
    </p>
   </div>
   <div class='ocr_carea' id='block_1_2' title="bbox 206 367 1293 1180">
    <p class='ocr_par' dir='ltr' id='par_1_2' title="bbox 209 367 1194 542">
     <span class='ocr_line' id='line_1_2' title="bbox 209 367 1194 446; baseline 0.018 -20"><span class='ocrx_word' id='word_1_6' title='bbox 209 368 249 428; x_wconf 87' lang='lat' dir='ltr'>ad</span> <span class='ocrx_word' id='word_1_7' title='bbox 266 367 424 430; x_wconf 82' lang='lat' dir='ltr'>actionem</span> <span class='ocrx_word' id='word_1_8' title='bbox 438 370 629 446; x_wconf 84' lang='lat' dir='ltr'>elidendam,</span> <span class='ocrx_word' id='word_1_9' title='bbox 645 373 690 436; x_wconf 90' lang='lat' dir='ltr'>ita</span> <span class='ocrx_word' id='word_1_10' title='bbox 700 373 824 437; x_wconf 90' lang='lat' dir='ltr'>licitum</span> <span class='ocrx_word' id='word_1_11' title='bbox 843 382 892 439; x_wconf 91' lang='lat' dir='ltr'>est</span> <span class='ocrx_word' id='word_1_12' title='bbox 911 378 1010 440; x_wconf 89' lang='lat' dir='ltr'>actori</span> <span class='ocrx_word' id='word_1_13' title='bbox 1025 398 1117 440; x_wconf 89' lang='lat' dir='ltr'>suam</span> <span class='ocrx_word' id='word_1_14' title='bbox 1131 399 1194 444; x_wconf 86' lang='lat' dir='ltr'>ac-</span> 
     </span>
     <span class='ocr_line' id='line_1_3' title="bbox 209 464 820 542; baseline 0.018 -18"><span class='ocrx_word' id='word_1_15' title='bbox 209 464 330 526; x_wconf 87' lang='lat' dir='ltr'>tionem</span> <span class='ocrx_word' id='word_1_16' title='bbox 344 465 602 542; x_wconf 82' lang='lat' dir='ltr'>replicationibus</span> <span class='ocrx_word' id='word_1_17' title='bbox 620 473 820 535; x_wconf 86' lang='lat' dir='ltr'>confirmare.</span> 
     </span>
    </p>

    <p class='ocr_par' dir='ltr' id='par_1_3' title="bbox 206 562 1293 1052">
     <span class='ocr_line' id='line_1_4' title="bbox 247 562 1188 649; baseline 0.018 -29"><span class='ocrx_word' id='word_1_18' title='bbox 247 562 329 622; x_wconf 90' lang='lat' dir='ltr'>Reus</span> <span class='ocrx_word' id='word_1_19' title='bbox 345 580 471 641; x_wconf 83' lang='lat' dir='ltr'>semper</span> <span class='ocrx_word' id='word_1_20' title='bbox 485 565 615 627; x_wconf 86' lang='lat' dir='ltr'>ultimus</span> <span class='ocrx_word' id='word_1_21' title='bbox 630 568 722 629; x_wconf 85' lang='lat' dir='ltr'>estin</span> <span class='ocrx_word' id='word_1_22' title='bbox 742 573 976 649; x_wconf 91' lang='lat' dir='ltr'>respondendo.</span> <span class='ocrx_word' id='word_1_23' title='bbox 993 574 1119 635; x_wconf 87' lang='lat' dir='ltr'>Actoris</span> <span class='ocrx_word' id='word_1_24' title='bbox 1132 592 1188 637; x_wconf 89' lang='lat' dir='ltr'>re-</span> 
     </span>
     <span class='ocr_line' id='line_1_5' title="bbox 207 659 1185 751; baseline 0.018 -34"><span class='ocrx_word' id='word_1_25' title='bbox 207 659 412 738; x_wconf 90' lang='lat' dir='ltr'>plicationem</span> <span class='ocrx_word' id='word_1_26' title='bbox 426 664 567 725; x_wconf 85' lang='lat' dir='ltr'>excludit</span> <span class='ocrx_word' id='word_1_27' title='bbox 579 667 624 726; x_wconf 90' lang='lat' dir='ltr'>rei</span> <span class='ocrx_word' id='word_1_28' title='bbox 638 665 807 747; x_wconf 80' lang='lat' dir='ltr'>duplicatio,</span> <span class='ocrx_word' id='word_1_29' title='bbox 824 670 907 731; x_wconf 88' lang='lat' dir='ltr'>banc</span> <span class='ocrx_word' id='word_1_30' title='bbox 922 672 1081 751; x_wconf 77' lang='lat' dir='ltr'>truplicau&#39;c</span> <span class='ocrx_word' id='word_1_31' title='bbox 1092 677 1185 734; x_wconf 86' lang='lat' dir='ltr'>acto-</span> 
     </span>
     <span class='ocr_line' id='line_1_6' title="bbox 207 753 1185 848; baseline 0.016 -32"><span class='ocrx_word' id='word_1_32' title='bbox 207 753 260 830; x_wconf 76' lang='lat' dir='ltr'>riS,</span> <span class='ocrx_word' id='word_1_33' title='bbox 281 773 414 836; x_wconf 91' lang='lat' dir='ltr'>eamque</span> <span class='ocrx_word' id='word_1_34' title='bbox 437 759 483 820; x_wconf 92' lang='lat' dir='ltr'>rei</span> <span class='ocrx_word' id='word_1_35' title='bbox 506 761 750 844; x_wconf 61' lang='lat' dir='ltr'>quadruplicata,</span> <span class='ocrx_word' id='word_1_36' title='bbox 770 770 801 827; x_wconf 90' lang='lat' dir='ltr'>et</span> <span class='ocrx_word' id='word_1_37' title='bbox 820 765 865 828; x_wconf 91' lang='lat' dir='ltr'>sic</span> <span class='ocrx_word' id='word_1_38' title='bbox 887 769 1038 848; x_wconf 83' lang='lat' dir='ltr'>deinceps</span> <span class='ocrx_word' id='word_1_39' title='bbox 1057 769 1091 829; x_wconf 92' lang='lat' dir='ltr'>in</span> <span class='ocrx_word' id='word_1_40' title='bbox 1111 770 1185 848; x_wconf 84' lang='lat' dir='ltr'>jure</span> 
     </span>
     <span class='ocr_line' id='line_1_7' title="bbox 206 855 1189 944; baseline 0.016 -32"><span class='ocrx_word' id='word_1_41' title='bbox 206 855 348 916; x_wconf 90' lang='lat' dir='ltr'>Romano</span> <span class='ocrx_word' id='word_1_42' title='bbox 365 857 643 936; x_wconf 70' lang='lat' dir='ltr'>«multiplicantur</span> <span class='ocrx_word' id='word_1_43' title='bbox 655 866 796 944; x_wconf 87' lang='lat' dir='ltr'>nomina,</span> <span class='ocrx_word' id='word_1_44' title='bbox 810 869 886 929; x_wconf 90' lang='lat' dir='ltr'>dum</span> <span class='ocrx_word' id='word_1_45' title='bbox 902 873 955 929; x_wconf 85' lang='lat' dir='ltr'>aut</span> <span class='ocrx_word' id='word_1_46' title='bbox 967 885 1051 944; x_wconf 91' lang='lat' dir='ltr'>reus,</span> <span class='ocrx_word' id='word_1_47' title='bbox 1063 871 1121 928; x_wconf 84' lang='lat' dir='ltr'>aut</span> <span class='ocrx_word' id='word_1_48' title='bbox 1135 884 1189 928; x_wconf 91' lang='lat' dir='ltr'>ac-</span> 
     </span>
     <span class='ocr_line' id='line_1_8' title="bbox 206 951 1293 1052; baseline 0.016 -41"><span class='ocrx_word' id='word_1_49' title='bbox 206 954 255 1013; x_wconf 86' lang='lat' dir='ltr'>tor</span> <span class='ocrx_word' id='word_1_50' title='bbox 269 951 392 1031; x_wconf 89' lang='lat' dir='ltr'>objicit.</span> <span class='ocrx_word' id='word_1_51' title='bbox 408 976 422 1013; x_wconf 80' lang='lat' dir='ltr'>a</span> <span class='ocrx_word' id='word_1_52' title='bbox 798 1007 799 1010; x_wconf 63' lang='lat'>,</span> <span class='ocrx_word' id='word_1_53' title='bbox 1292 1043 1293 1052; x_wconf 8' lang='grc' dir='ltr'>ἵ</span> 
     </span>
    </p>

    <p class='ocr_par' dir='ltr' id='par_1_4' title="bbox 245 1050 1293 1141">
     <span class='ocr_line' id='line_1_9' title="bbox 245 1050 1293 1141; baseline 0.012 -29"><span class='ocrx_word' id='word_1_54' title='bbox 245 1050 363 1112; x_wconf 81' lang='lat' dir='ltr'>Verum</span> <span class='ocrx_word' id='word_1_55' title='bbox 385 1051 418 1111; x_wconf 93' lang='lat' dir='ltr'>in</span> <span class='ocrx_word' id='word_1_56' title='bbox 439 1053 508 1115; x_wconf 87' lang='lat' dir='ltr'>foro</span> <span class='ocrx_word' id='word_1_57' title='bbox 528 1056 743 1122; x_wconf 86' lang='lat' dir='ltr'>eeclesiastico</span> <span class='ocrx_word' id='word_1_58' title='bbox 765 1063 1032 1141; x_wconf 82' lang='lat' dir='ltr'>duplicationibus</span> <span class='ocrx_word' id='word_1_59' title='bbox 1055 1069 1111 1126; x_wconf 86' lang='lat' dir='ltr'>aut</span> <span class='ocrx_word' id='word_1_60' title='bbox 1129 1062 1189 1126; x_wconf 91' lang='lat' dir='ltr'>tri-</span> <span class='ocrx_word' id='word_1_61' title='bbox 1292 1075 1293 1100; x_wconf 63' lang='lat'><strong>³</strong></span> 
     </span>
    </p>

    <p class='ocr_par' dir='ltr' id='par_1_5' title="bbox 1292 1155 1293 1180">
     <span class='ocr_line' id='line_1_10' title="bbox 1292 1155 1293 1180; baseline 0 0"><span class='ocrx_word' id='word_1_62' title='bbox 1292 1155 1293 1180; x_wconf 89' lang='lat' dir='ltr'>l</span> 
     </span>
    </p>
   </div>
   <div class='ocr_carea' id='block_1_3' title="bbox 203 1143 1184 1333">
    <p class='ocr_par' dir='ltr' id='par_1_6' title="bbox 203 1143 1184 1333">
     <span class='ocr_line' id='line_1_11' title="bbox 205 1143 1184 1238; baseline 0.019 -34"><span class='ocrx_word' id='word_1_63' title='bbox 205 1143 428 1222; x_wconf 87' lang='lat' dir='ltr'>plicationibus</span> <span class='ocrx_word' id='word_1_64' title='bbox 443 1149 493 1212; x_wconf 86' lang='lat' dir='ltr'>vix</span> <span class='ocrx_word' id='word_1_65' title='bbox 507 1152 596 1213; x_wconf 90' lang='lat' dir='ltr'>locus</span> <span class='ocrx_word' id='word_1_66' title='bbox 612 1159 670 1229; x_wconf 91' lang='lat' dir='ltr'>est,</span> <span class='ocrx_word' id='word_1_67' title='bbox 689 1159 743 1218; x_wconf 90' lang='lat' dir='ltr'>sed</span> <span class='ocrx_word' id='word_1_68' title='bbox 753 1158 851 1237; x_wconf 86' lang='lat' dir='ltr'>judex</span> <span class='ocrx_word' id='word_1_69' title='bbox 864 1160 908 1222; x_wconf 91' lang='lat' dir='ltr'>eis</span> <span class='ocrx_word' id='word_1_70' title='bbox 924 1158 1058 1223; x_wconf 88' lang='lat' dir='ltr'>modu&#39;m</span> <span class='ocrx_word' id='word_1_71' title='bbox 1073 1159 1184 1238; x_wconf 90' lang='lat' dir='ltr'>impo-</span> 
     </span>
     <span class='ocr_line' id='line_1_12' title="bbox 203 1243 839 1333; baseline 0.02 -31"><span class='ocrx_word' id='word_1_72' title='bbox 203 1243 260 1318; x_wconf 87' lang='lat' dir='ltr'>nit,</span> <span class='ocrx_word' id='word_1_73' title='bbox 277 1262 319 1310; x_wconf 83' lang='lat' dir='ltr'>ne</span> <span class='ocrx_word' id='word_1_74' title='bbox 328 1246 448 1324; x_wconf 88' lang='lat' dir='ltr'>judicia</span> <span class='ocrx_word' id='word_1_75' title='bbox 462 1249 686 1325; x_wconf 88' lang='lat' dir='ltr'>protrahantur</span> <span class='ocrx_word' id='word_1_76' title='bbox 700 1253 753 1333; x_wconf 90' lang='lat' dir='ltr'>(l).</span> <span class='ocrx_word' id='word_1_77' title='bbox 837 1298 839 1301; x_wconf 86' lang='lat'><em>-</em></span> 
     </span>
    </p>
   </div>
   <div class='ocr_carea' id='block_1_4' title="bbox 504 1471 877 1536">
    <p class='ocr_par' dir='ltr' id='par_1_7' title="bbox 504 1471 877 1536">
     <span class='ocr_line' id='line_1_13' title="bbox 504 1471 877 1536; baseline 0.027 -19"><span class='ocrx_word' id='word_1_78' title='bbox 504 1472 530 1518; x_wconf 85' lang='lat'>3.</span> <span class='ocrx_word' id='word_1_79' title='bbox 547 1471 583 1521; x_wconf 90' lang='lat' dir='ltr'>De</span> <span class='ocrx_word' id='word_1_80' title='bbox 597 1473 684 1523; x_wconf 88' lang='lat' dir='ltr'>ordine</span> <span class='ocrx_word' id='word_1_81' title='bbox 700 1477 877 1536; x_wconf 78' lang='lat' dir='ltr'>cognitionum.</span> 
     </span>
    </p>
   </div>
   <div class='ocr_carea' id='block_1_5' title="bbox 202 1635 1184 1919">
    <p class='ocr_par' dir='ltr' id='par_1_8' title="bbox 202 1635 1184 1919">
     <span class='ocr_line' id='line_1_14' title="bbox 241 1635 1181 1729; baseline 0.017 -36"><span class='ocrx_word' id='word_1_82' title='bbox 241 1635 327 1695; x_wconf 86' lang='lat' dir='ltr'>Ordo</span> <span class='ocrx_word' id='word_1_83' title='bbox 351 1639 570 1715; x_wconf 82' lang='lat' dir='ltr'>cognitionum</span> <span class='ocrx_word' id='word_1_84' title='bbox 598 1649 644 1706; x_wconf 89' lang='lat' dir='ltr'>est</span> <span class='ocrx_word' id='word_1_85' title='bbox 671 1647 749 1709; x_wconf 91' lang='lat' dir='ltr'>ordo</span> <span class='ocrx_word' id='word_1_86' title='bbox 777 1651 946 1711; x_wconf 88' lang='lat' dir='ltr'>servandus</span> <span class='ocrx_word' id='word_1_87' title='bbox 971 1649 1122 1729; x_wconf 89' lang='lat' dir='ltr'>ajudice</span> <span class='ocrx_word' id='word_1_88' title='bbox 1148 1649 1181 1709; x_wconf 91' lang='lat' dir='ltr'>in</span> 
     </span>
     <span class='ocr_line' id='line_1_15' title="bbox 203 1732 1184 1827; baseline 0.016 -36"><span class='ocrx_word' id='word_1_89' title='bbox 203 1732 348 1794; x_wconf 82' lang='lat' dir='ltr'>examine</span> <span class='ocrx_word' id='word_1_90' title='bbox 368 1735 507 1812; x_wconf 90' lang='lat' dir='ltr'>plurium</span> <span class='ocrx_word' id='word_1_91' title='bbox 527 1741 749 1821; x_wconf 79' lang='lat' dir='ltr'>quaestionum,</span> <span class='ocrx_word' id='word_1_92' title='bbox 770 1764 840 1825; x_wconf 81' lang='lat' dir='ltr'>quae</span> <span class='ocrx_word' id='word_1_93' title='bbox 865 1749 897 1807; x_wconf 92' lang='lat' dir='ltr'>ln</span> <span class='ocrx_word' id='word_1_94' title='bbox 923 1749 1038 1810; x_wconf 91' lang='lat' dir='ltr'>eodem</span> <span class='ocrx_word' id='word_1_95' title='bbox 1055 1745 1184 1827; x_wconf 86' lang='lat' dir='ltr'>judicio</span> 
     </span>
     <span class='ocr_line' id='line_1_16' title="bbox 202 1835 804 1919; baseline 0.027 -30"><span class='ocrx_word' id='word_1_96' title='bbox 202 1835 395 1893; x_wconf 89' lang='lat' dir='ltr'>concurrunt</span> <span class='ocrx_word' id='word_1_97' title='bbox 409 1835 492 1897; x_wconf 90' lang='lat' dir='ltr'>inter</span> <span class='ocrx_word' id='word_1_98' title='bbox 506 1841 633 1902; x_wconf 90' lang='lat' dir='ltr'>easdem</span> <span class='ocrx_word' id='word_1_99' title='bbox 643 1860 804 1919; x_wconf 85' lang='lat' dir='ltr'>personas.</span> 
     </span>
    </p>
   </div>
   <div class='ocr_carea' id='block_1_6' title="bbox 239 1926 1179 2118">
    <p class='ocr_par' dir='ltr' id='par_1_9' title="bbox 239 1926 1179 2118">
     <span class='ocr_line' id='line_1_17' title="bbox 240 1926 992 2017; baseline 0.021 -31"><span class='ocrx_word' id='word_1_100' title='bbox 240 1926 264 1987; x_wconf 92' lang='lat' dir='ltr'>l.</span> <span class='ocrx_word' id='word_1_101' title='bbox 281 1927 403 2008; x_wconf 78' lang='lat' dir='ltr'>Repuloe</span> <span class='ocrx_word' id='word_1_102' title='bbox 415 1935 561 2012; x_wconf 76' lang='lat' dir='ltr'>paracodes</span> <span class='ocrx_word' id='word_1_103' title='bbox 574 1938 666 2017; x_wconf 89' lang='lat' dir='ltr'>hujus</span> <span class='ocrx_word' id='word_1_104' title='bbox 681 1941 801 2002; x_wconf 82' lang='lat' dir='ltr'>ordinis</span> <span class='ocrx_word' id='word_1_105' title='bbox 814 1943 992 2004; x_wconf 88' lang='lat' dir='ltr'>traduntur.</span> 
     </span>
     <span class='ocr_line' id='line_1_18' title="bbox 239 2026 1179 2118; baseline 0.018 -34"><span class='ocrx_word' id='word_1_106' title='bbox 239 2026 358 2104; x_wconf 83' lang='lat' dir='ltr'>Regula</span> <span class='ocrx_word' id='word_1_107' title='bbox 377 2032 417 2090; x_wconf 74' lang='lat'>1⁸.</span> <span class='ocrx_word' id='word_1_108' title='bbox 443 2032 570 2103; x_wconf 82' lang='lat' dir='ltr'>Quoties</span> <span class='ocrx_word' id='word_1_109' title='bbox 595 2035 628 2096; x_wconf 90' lang='lat' dir='ltr'>in</span> <span class='ocrx_word' id='word_1_110' title='bbox 654 2039 766 2100; x_wconf 93' lang='lat' dir='ltr'>eodem</span> <span class='ocrx_word' id='word_1_111' title='bbox 791 2039 913 2118; x_wconf 92' lang='lat' dir='ltr'>judicio</span> <span class='ocrx_word' id='word_1_112' title='bbox 941 2041 1048 2118; x_wconf 89' lang='lat' dir='ltr'>plures</span> <span class='ocrx_word' id='word_1_113' title='bbox 1074 2056 1179 2101; x_wconf 86' lang='lat' dir='ltr'>causae·</span> 
     </span>
    </p>
   </div>
   <div class='ocr_carea' id='block_1_7' title="bbox 193 2131 1178 3487">
    <p class='ocr_par' dir='ltr' id='par_1_10' title="bbox 199 2131 1177 2301">
     <span class='ocr_line' id='line_1_19' title="bbox 200 2131 1177 2218; baseline 0.016 -36"><span class='ocrx_word' id='word_1_114' title='bbox 200 2133 403 2200; x_wconf 83' lang='lat' dir='ltr'>concurrunt,</span> <span class='ocrx_word' id='word_1_115' title='bbox 434 2131 574 2208; x_wconf 93' lang='lat' dir='ltr'>primum</span> <span class='ocrx_word' id='word_1_116' title='bbox 594 2133 648 2195; x_wconf 91' lang='lat' dir='ltr'>illa</span> <span class='ocrx_word' id='word_1_117' title='bbox 670 2138 882 2216; x_wconf 80' lang='lat' dir='ltr'>cognoscitur,</span> <span class='ocrx_word' id='word_1_118' title='bbox 914 2155 952 2199; x_wconf 86' lang='lat' dir='ltr'>ex</span> <span class='ocrx_word' id='word_1_119' title='bbox 972 2155 1034 2218; x_wconf 90' lang='lat' dir='ltr'>qua</span> <span class='ocrx_word' id='word_1_120' title='bbox 1057 2139 1177 2216; x_wconf 89' lang='lat' dir='ltr'>pendet</span> 
     </span>
     <span class='ocr_line' id='line_1_20' title="bbox 199 2221 504 2301; baseline 0.02 -22"><span class='ocrx_word' id='word_1_121' title='bbox 199 2221 308 2283; x_wconf 87' lang='lat' dir='ltr'>altera.</span> <span class='ocrx_word' id='word_1_122' title='bbox 502 2298 504 2301; x_wconf 17' lang='lat'>¹</span> 
     </span>
    </p>

    <p class='ocr_par' dir='ltr' id='par_1_11' title="bbox 196 2317 1178 2577">
     <span class='ocr_line' id='line_1_21' title="bbox 237 2317 1178 2411; baseline 0.018 -35"><span class='ocrx_word' id='word_1_123' title='bbox 237 2317 355 2398; x_wconf 84' lang='lat' dir='ltr'>Regula</span> <span class='ocrx_word' id='word_1_124' title='bbox 369 2324 411 2384; x_wconf 72' lang='lat'>2³.</span> <span class='ocrx_word' id='word_1_125' title='bbox 430 2324 463 2385; x_wconf 91' lang='lat' dir='ltr'>Si</span> <span class='ocrx_word' id='word_1_126' title='bbox 475 2332 587 2390; x_wconf 90' lang='lat' dir='ltr'>neutra</span> <span class='ocrx_word' id='word_1_127' title='bbox 598 2347 692 2391; x_wconf 90' lang='lat' dir='ltr'>causa</span> <span class='ocrx_word' id='word_1_128' title='bbox 707 2333 845 2411; x_wconf 90' lang='lat' dir='ltr'>pendeat</span> <span class='ocrx_word' id='word_1_129' title='bbox 858 2333 898 2406; x_wconf 84' lang='lat' dir='ltr'>ab</span> <span class='ocrx_word' id='word_1_130' title='bbox 914 2335 1020 2408; x_wconf 88' lang='lat' dir='ltr'>altera,</span> <span class='ocrx_word' id='word_1_131' title='bbox 1041 2337 1073 2395; x_wconf 84' lang='lat' dir='ltr'>et</span> <span class='ocrx_word' id='word_1_132' title='bbox 1092 2338 1178 2394; x_wconf 88' lang='lat' dir='ltr'>utra-</span> 
     </span>
     <span class='ocr_line' id='line_1_22' title="bbox 198 2415 1178 2510; baseline 0.02 -37"><span class='ocrx_word' id='word_1_133' title='bbox 198 2430 258 2492; x_wconf 90' lang='lat' dir='ltr'>que</span> <span class='ocrx_word' id='word_1_134' title='bbox 273 2415 314 2477; x_wconf 90' lang='lat' dir='ltr'>sit</span> <span class='ocrx_word' id='word_1_135' title='bbox 330 2417 533 2499; x_wconf 76' lang='lat' dir='ltr'>principalis,</span> <span class='ocrx_word' id='word_1_136' title='bbox 543 2424 630 2504; x_wconf 90' lang='lat' dir='ltr'>prius</span> <span class='ocrx_word' id='word_1_137' title='bbox 644 2430 815 2507; x_wconf 88' lang='lat' dir='ltr'>proposita,</span> <span class='ocrx_word' id='word_1_138' title='bbox 836 2431 924 2508; x_wconf 92' lang='lat' dir='ltr'>prius</span> <span class='ocrx_word' id='word_1_139' title='bbox 942 2449 1068 2510; x_wconf 91' lang='lat' dir='ltr'>quoque</span> <span class='ocrx_word' id='word_1_140' title='bbox 1088 2436 1178 2492; x_wconf 82' lang='lat' dir='ltr'>trao-</span> 
     </span>
     <span class='ocr_line' id='line_1_23' title="bbox 196 2513 569 2577; baseline 0.024 -5"><span class='ocrx_word' id='word_1_141' title='bbox 196 2513 291 2574; x_wconf 88' lang='lat' dir='ltr'>tanda</span> <span class='ocrx_word' id='word_1_142' title='bbox 310 2521 368 2577; x_wconf 84' lang='lat' dir='ltr'>cst.</span> <span class='ocrx_word' id='word_1_143' title='bbox 568 2519 569 2522; x_wconf 72' lang='grc'>’</span> 
     </span>
    </p>

    <p class='ocr_par' dir='ltr' id='par_1_12' title="bbox 196 2613 1166 2798">
     <span class='ocr_line' id='line_1_24' title="bbox 236 2613 1166 2705; baseline 0.015 -33"><span class='ocrx_word' id='word_1_144' title='bbox 236 2613 354 2690; x_wconf 81' lang='lat' dir='ltr'>Regula</span> <span class='ocrx_word' id='word_1_145' title='bbox 381 2618 421 2676; x_wconf 80' lang='lat'>3¹.</span> <span class='ocrx_word' id='word_1_146' title='bbox 447 2617 481 2678; x_wconf 86' lang='lat' dir='ltr'>Si</span> <span class='ocrx_word' id='word_1_147' title='bbox 502 2628 669 2684; x_wconf 85' lang='lat' dir='ltr'>concurrat</span> <span class='ocrx_word' id='word_1_148' title='bbox 692 2642 786 2686; x_wconf 89' lang='lat' dir='ltr'>causa</span> <span class='ocrx_word' id='word_1_149' title='bbox 808 2627 910 2705; x_wconf 88' lang='lat' dir='ltr'>major</span> <span class='ocrx_word' id='word_1_150' title='bbox 936 2644 1009 2688; x_wconf 92' lang='lat' dir='ltr'>cum</span> <span class='ocrx_word' id='word_1_151' title='bbox 1036 2625 1166 2701; x_wconf 91' lang='lat' dir='ltr'>minori,</span> 
     </span>
     <span class='ocr_line' id='line_1_25' title="bbox 196 2711 841 2798; baseline 0.028 -31"><span class='ocrx_word' id='word_1_152' title='bbox 196 2724 290 2769; x_wconf 90' lang='lat' dir='ltr'>causa</span> <span class='ocrx_word' id='word_1_153' title='bbox 304 2711 429 2789; x_wconf 87' lang='lat' dir='ltr'>dignior</span> <span class='ocrx_word' id='word_1_154' title='bbox 443 2715 530 2794; x_wconf 91' lang='lat' dir='ltr'>prius</span> <span class='ocrx_word' id='word_1_155' title='bbox 548 2724 769 2798; x_wconf 86' lang='lat' dir='ltr'>cognoscenda</span> <span class='ocrx_word' id='word_1_156' title='bbox 782 2730 841 2785; x_wconf 89' lang='lat' dir='ltr'>est.</span> 
     </span>
    </p>

    <p class='ocr_par' dir='ltr' id='par_1_13' title="bbox 194 2806 1171 3071">
     <span class='ocr_line' id='line_1_26' title="bbox 235 2806 1170 2884; baseline 0.015 -18"><span class='ocrx_word' id='word_1_157' title='bbox 235 2806 272 2867; x_wconf 87' lang='grc' dir='ltr'>ΙΙ.</span> <span class='ocrx_word' id='word_1_158' title='bbox 292 2807 489 2874; x_wconf 77' lang='lat' dir='ltr'>Consectorrc.</span> <span class='ocrx_word' id='word_1_159' title='bbox 505 2845 544 2860; x_wconf 90' lang='lat'><em>-</em></span> <span class='ocrx_word' id='word_1_160' title='bbox 557 2817 586 2877; x_wconf 88' lang='lat' dir='ltr'>l.</span> <span class='ocrx_word' id='word_1_161' title='bbox 604 2818 637 2878; x_wconf 91' lang='lat' dir='ltr'>Si</span> <span class='ocrx_word' id='word_1_162' title='bbox 651 2835 745 2880; x_wconf 87' lang='lat' dir='ltr'>causa</span> <span class='ocrx_word' id='word_1_163' title='bbox 758 2823 918 2882; x_wconf 78' lang='lat' dir='ltr'>crimtbalr&#39;s</span> <span class='ocrx_word' id='word_1_164' title='bbox 932 2829 964 2884; x_wconf 90' lang='lat' dir='ltr'>et</span> <span class='ocrx_word' id='word_1_165' title='bbox 977 2822 1077 2884; x_wconf 83' lang='lat' dir='ltr'>civilis</span> <span class='ocrx_word' id='word_1_166' title='bbox 1091 2838 1170 2884; x_wconf 83' lang='lat' dir='ltr'>con-</span> 
     </span>
     <span class='ocr_line' id='line_1_27' title="bbox 196 2907 1171 2999; baseline 0.019 -38"><span class='ocrx_word' id='word_1_167' title='bbox 196 2911 332 2981; x_wconf 85' lang='lat' dir='ltr'>currant,</span> <span class='ocrx_word' id='word_1_168' title='bbox 354 2907 526 2972; x_wconf 88' lang='lat' dir='ltr'>criminalis</span> <span class='ocrx_word' id='word_1_169' title='bbox 548 2917 699 2994; x_wconf 87' lang='lat' dir='ltr'>tanquam</span> <span class='ocrx_word' id='word_1_170' title='bbox 720 2913 848 2999; x_wconf 89' lang='lat' dir='ltr'>majoris</span> <span class='ocrx_word' id='word_1_171' title='bbox 869 2919 1024 2982; x_wconf 91' lang='lat' dir='ltr'>momenti</span> <span class='ocrx_word' id='word_1_172' title='bbox 1039 2925 1112 2982; x_wconf 90' lang='lat' dir='ltr'>ante</span> <span class='ocrx_word' id='word_1_173' title='bbox 1128 2919 1171 2981; x_wconf 89' lang='lat' dir='ltr'>ci-</span> 
     </span>
     <span class='ocr_line' id='line_1_28' title="bbox 194 2998 494 3071; baseline 0.04 -12"><span class='ocrx_word' id='word_1_174' title='bbox 194 2998 288 3063; x_wconf 90' lang='lat' dir='ltr'>vilem</span> <span class='ocrx_word' id='word_1_175' title='bbox 305 3004 494 3071; x_wconf 86' lang='lat' dir='ltr'>absolvitur.</span> 
     </span>
    </p>

    <p class='ocr_par' dir='ltr' id='par_1_14' title="bbox 193 3100 1176 3487">
     <span class='ocr_line' id='line_1_29' title="bbox 233 3100 1167 3193; baseline 0.022 -37"><span class='ocrx_word' id='word_1_176' title='bbox 233 3100 262 3159; x_wconf 68' lang='lat'>2.</span> <span class='ocrx_word' id='word_1_177' title='bbox 290 3101 483 3171; x_wconf 82' lang='lat' dir='ltr'>Ouaestiones</span> <span class='ocrx_word' id='word_1_178' title='bbox 500 3109 717 3191; x_wconf 69' lang='lat' dir='ltr'>proejudz&#39;ctotes</span> <span class='ocrx_word' id='word_1_179' title='bbox 743 3112 829 3193; x_wconf 92' lang='lat' dir='ltr'>prius</span> <span class='ocrx_word' id='word_1_180' title='bbox 854 3115 1042 3177; x_wconf 87' lang='lat' dir='ltr'>deliniendae</span> <span class='ocrx_word' id='word_1_181' title='bbox 1067 3121 1167 3190; x_wconf 86' lang='lat' dir='ltr'>sunt;</span> 
     </span>
     <span class='ocr_line' id='line_1_30' title="bbox 193 3194 1172 3291; baseline 0.021 -40"><span class='ocrx_word' id='word_1_182' title='bbox 193 3194 417 3272; x_wconf 87' lang='lat' dir='ltr'>praejudicialis</span> <span class='ocrx_word' id='word_1_183' title='bbox 434 3211 540 3268; x_wconf 89' lang='lat' dir='ltr'>autem</span> <span class='ocrx_word' id='word_1_184' title='bbox 556 3226 648 3270; x_wconf 86' lang='lat' dir='ltr'>causa</span> <span class='ocrx_word' id='word_1_185' title='bbox 665 3209 789 3285; x_wconf 90' lang='lat' dir='ltr'>dieitur,</span> <span class='ocrx_word' id='word_1_186' title='bbox 806 3215 933 3291; x_wconf 89' lang='lat' dir='ltr'>quando</span> <span class='ocrx_word' id='word_1_187' title='bbox 947 3215 985 3274; x_wconf 86' lang='lat' dir='ltr'>ab</span> <span class='ocrx_word' id='word_1_188' title='bbox 1003 3214 1069 3291; x_wconf 86' lang='lat' dir='ltr'>ejus</span> <span class='ocrx_word' id='word_1_189' title='bbox 1085 3211 1172 3274; x_wconf 86' lang='lat' dir='ltr'>deci·</span> 
     </span>
     <span class='ocr_line' id='line_1_31' title="bbox 193 3286 1168 3390; baseline 0.024 -43"><span class='ocrx_word' id='word_1_190' title='bbox 193 3286 281 3350; x_wconf 89' lang='lat' dir='ltr'>sione</span> <span class='ocrx_word' id='word_1_191' title='bbox 293 3298 411 3371; x_wconf 88' lang='lat' dir='ltr'>pendet</span> <span class='ocrx_word' id='word_1_192' title='bbox 424 3301 543 3366; x_wconf 90' lang='lat' dir='ltr'>decisio</span> <span class='ocrx_word' id='word_1_193' title='bbox 552 3307 691 3371; x_wconf 86' lang='lat' dir='ltr'>alterius.</span> <span class='ocrx_word' id='word_1_194' title='bbox 705 3309 796 3370; x_wconf 87' lang='lat' dir='ltr'>Ratio</span> <span class='ocrx_word' id='word_1_195' title='bbox 808 3315 866 3384; x_wconf 92' lang='lat' dir='ltr'>est,</span> <span class='ocrx_word' id='word_1_196' title='bbox 879 3299 952 3390; x_wconf 82' lang='lat' dir='ltr'>quia</span> <span class='ocrx_word' id='word_1_197' title='bbox 961 3308 1119 3372; x_wconf 87' lang='lat' dir='ltr'>sententia</span> <span class='ocrx_word' id='word_1_198' title='bbox 1130 3311 1168 3370; x_wconf 94' lang='lat' dir='ltr'>de</span> 
     </span>
     <span class='ocr_line' id='line_1_32' title="bbox 194 3387 1176 3487; baseline 0.019 -40"><span class='ocrx_word' id='word_1_199' title='bbox 194 3387 367 3463; x_wconf 74' lang='lat' dir='ltr'>quastione</span> <span class='ocrx_word' id='word_1_200' title='bbox 393 3401 602 3477; x_wconf 89' lang='lat' dir='ltr'>praejudiciali</span> <span class='ocrx_word' id='word_1_201' title='bbox 621 3405 769 3482; x_wconf 90' lang='lat' dir='ltr'>ostendit,</span> <span class='ocrx_word' id='word_1_202' title='bbox 794 3408 870 3486; x_wconf 91' lang='lat' dir='ltr'>quid</span> <span class='ocrx_word' id='word_1_203' title='bbox 884 3407 916 3468; x_wconf 92' lang='lat' dir='ltr'>in</span> <span class='ocrx_word' id='word_1_204' title='bbox 936 3425 1029 3470; x_wconf 88' lang='lat' dir='ltr'>causa</span> <span class='ocrx_word' id='word_1_205' title='bbox 1050 3406 1176 3487; x_wconf 87' lang='lat' dir='ltr'>princi-</span> 
     </span>
    </p>
   </div>
   <div class='ocr_carea' id='block_1_8' title="bbox 224 3577 997 3659">
    <p class='ocr_par' dir='ltr' id='par_1_15' title="bbox 224 3577 997 3659">
     <span class='ocr_line' id='line_1_33' title="bbox 224 3577 997 3659; baseline 0.031 -35"><span class='ocrx_word' id='word_1_206' title='bbox 224 3577 258 3640; x_wconf 90' lang='lat' dir='ltr'>(l)</span> <span class='ocrx_word' id='word_1_207' title='bbox 269 3577 498 3648; x_wconf 83' lang='lat' dir='ltr'>Sebmalzgrueber,</span> <span class='ocrx_word' id='word_1_208' title='bbox 508 3588 554 3636; x_wconf 77' lang='lat' dir='ltr'>dus</span> <span class='ocrx_word' id='word_1_209' title='bbox 567 3591 767 3656; x_wconf 72' lang='lat' dir='ltr'>erclearustr&#39;cum,</span> <span class='ocrx_word' id='word_1_210' title='bbox 780 3597 826 3646; x_wconf 90' lang='lat' dir='ltr'>lib.</span> <span class='ocrx_word' id='word_1_211' title='bbox 839 3597 870 3659; x_wconf 90' lang='lat'>11,</span> <span class='ocrx_word' id='word_1_212' title='bbox 882 3598 921 3647; x_wconf 88' lang='lat' dir='ltr'>tit.</span> <span class='ocrx_word' id='word_1_213' title='bbox 936 3611 997 3648; x_wconf 74' lang='lat' dir='ltr'>xxti.</span> 
     </span>
    </p>
   </div>
   <div class='ocr_carea' id='block_1_9' title="bbox 0 0 1300 4262">
    <p class='ocr_par' dir='ltr' id='par_1_16' title="bbox 0 0 1300 4262">
     <span class='ocr_line' id='line_1_34' title="bbox 0 0 1300 4262; baseline 0 7"><span class='ocrx_word' id='word_1_214' title='bbox 0 0 1300 4262; x_wconf 95' lang='lat' dir='ltr'> </span> 
     </span>
    </p>
   </div>
  </div>
 </body>
</html>
