2618 4252
479 290 551 334 PARS
573 290 736 335 spectans.
1045 294 1095 338 :307

110 407 214 484 gendi
228 424 262 468 ee
277 424 348 485 quae
362 412 434 467 sunt
448 407 487 465 ad
508 407 605 468 finem
619 407 806 468 necessaria.
824 409 917 486 Erg0,
940 408 1023 470 salvo
1034 410 1097 470 fine

113 503 152 562 in
165 509 248 564 statu
262 503 453 575 concordiae,
466 504 553 563 nulla
566 503 700 565 societas
711 503 806 564 debet
820 505 913 564 aliam
926 505 1093 582 impedire.

158 600 273 681 Raqotu
298 604 339 661 2³.
365 603 411 660 Er
431 600 553 662 duabus
577 600 783 663 societatibus
811 601 948 663 invicem
969 603 1098 664 coordi-

110 698 209 771 natis,
242 715 278 758 ea
301 696 490 756 subordinate
516 702 573 774 est,
608 699 698 778 cujus
721 699 792 759 finis
820 699 916 760 habet
940 699 1095 761 rationem

107 795 213 855 medii
239 796 278 855 ad
303 797 399 855 finem
421 795 560 856 alterius.
586 797 678 857 Ratio
704 802 761 872 est,
785 797 858 876 quia
880 796 985 857 media
1009 797 1095 857 ordi-

105 897 228 954 nantur
239 894 279 954 ad
294 895 401 968 finem,
416 893 509 971 eique
521 893 705 955 inserviunt.
720 895 857 956 Proinde
873 895 1006 956 societas
1020 894 1094 954 sub·

16 993 17 1054 i
106 989 260 1051 ordinata
277 991 372 1052 debet
392 989 472 1051 vires
491 1009 562 1051 suas
577 993 713 1071 dirigere
730 993 821 1072 juxta
844 995 940 1054 finem
964 993 1092 1054 alterins

108 1089 287 1163 societatis,
304 1107 374 1167 quae
388 1091 586 1168 praeeminet.

151 1187 190 1246 Π.
205 1185 240 1245 In
250 1193 329 1246 stote
338 1185 488 1267 conflictus
502 1187 574 1248 duae
587 1186 753 1248 societates
767 1203 834 1248 esse
845 1186 1004 1261 dicuntur,
1018 1203 1092 1246 cum

107 1283 212 1344 altera
231 1283 287 1343 fini
306 1300 363 1344 suo
382 1283 525 1343 insistere
548 1300 613 1344 non
634 1289 751 1362 potest,
778 1283 855 1362 quin
879 1285 1010 1344 alteram
1031 1281 1093 1342 im-

107 1379 235 1458 pediat.
559 1371 563 1383 ’

152 1476 385 1558 Requlo1⁸.ldx
402 1475 523 1536 duabus
544 1477 749 1538 societatibus
761 1460 840 1556 ‘quae
861 1476 977 1536 iisdem
990 1491 1090 1535 mem-

107 1571 179 1634 bris
193 1559 388 1648 coaiescunt,
405 1573 438 1633 in
456 1576 540 1635 statu
559 1575 726 1636 conflictus
742 1592 780 1637 ea
796 1575 968 1652 praevalere
984 1572 1090 1647 debet,

86 1687 186 1750 *quae
200 1671 294 1731 habet
308 1673 404 1732 finem
419 1671 541 1733 altioris
556 1669 686 1736 ordinis.

153 1767 247 1830 Proh.
273 1771 318 1830 Ex
339 1769 460 1830 duabus
485 1769 732 1849 obligationibus
754 1770 861 1832 eidem
883 1769 1026 1847 subjecto
1048 1768 1093 1827 in-

108 1867 320 1943 haerentibus,
336 1868 452 1946 quaein
466 1869 649 1930 conflictum
666 1869 862 1944 devenerint,
881 1885 916 1928 ea
931 1867 1089 1945 praevalet,

107 1983 184 2044 quae
200 1966 301 2044 majus
315 1966 435 2027 bonum
447 1971 565 2028 tuetur.
585 1967 683 2047 Atqui
703 1968 775 2028 duae
793 1967 959 2028 societates
977 1964 1092 2025 iisdem

109 2063 265 2124 membris
283 2064 496 2125 coalescentes
514 2065 632 2126 habent
645 2065 803 2126 rationem
821 2063 960 2142 plurium
975 2061 1092 2140 obliga·
1189 2098 1192 2103 -

108 2161 237 2223 tionum
263 2161 368 2224 eidem
396 2162 540 2241 subjecto
565 2161 811 2236 inhaerentium3
839 2179 874 2221 ea
896 2177 968 2221 vero
993 2159 1093 2238 majus

108 2258 234 2322 bonum
254 2265 371 2336 tuetur,
392 2278 463 2339 quae
484 2260 606 2322 altioris
627 2260 747 2321 ordinis
767 2262 865 2320 finem
884 2257 991 2319 habet.
1010 2259 1093 2335 Ergo

109 2375 152 2419 ex
168 2357 289 2418 duabus
307 2358 525 2433 societatibus,
544 2376 616 2436 quae
636 2358 669 2418 in
692 2353 876 2420 conflictum
896 2354 1091 2428 devenerint,

111 2473 151 2517 ea
164 2472 312 2534 superare
328 2455 434 2530 debet,
452 2475 524 2534 quae
538 2455 636 2518 babet
649 2455 746 2517 finem
759 2454 879 2516 altioris
896 2452 1027 2514 ordinis.

150 2549 265 2632 Recolo
277 2557 320 2614 2⁸.
336 2552 369 2612 Si
389 2553 523 2631 quaestio
542 2554 663 2615 incidat
677 2554 716 2614 de
731 2553 863 2614 veritate
881 2547 1100 2626 necessitatis,

109 2666 209 2729 quam
229 2650 396 2710 societates
415 2651 498 2712 inter
518 2669 551 2712 se
572 2652 779 2731 confligentes
794 2667 852 2728 pro
879 2665 913 2708 re
935 2663 989 2706 sua
1011 2659 1093 2704 asse·

110 2751 197 2821 runt,
216 2747 268 2826 jus
290 2747 414 2807 serendi
434 2749 593 2826 judicium
621 2750 660 2809 ad
687 2749 873 2810 societatem
897 2741 1092 2822 superiorem

111 2841 263 2923 pertinet,
279 2849 436 2905 reservato
451 2847 555 2922 quoad
569 2846 753 2907 inferiorem
763 2845 833 2923 jure
847 2837 1028 2920 exponendi
1043 2853 1089 2910 ea,

109 2945 187 3022 quae
204 2939 251 3000 sui
265 2940 436 3002 intersunt.

130 3091 136 3108 ,
154 3037 250 3101 Prob.
264 3039 384 3117 trpors.
398 3036 581 3098 Absurdum
593 3041 641 3100 est
650 3037 726 3098 boni
738 3035 871 3097 minoris
883 3034 983 3113 gratia
992 3031 1093 3110 majus

113 3137 237 3206 bonum
248 3133 282 3195 in
295 3133 467 3208 discrimen
481 3152 600 3198 vocare.
618 3135 716 3213 Atqui
730 3134 831 3213 majus
847 3131 967 3192 bonum
982 3129 1016 3189 in
1031 3127 1094 3187 dis·

111 3233 238 3296 crimen
261 3235 437 3304 vocaretur,
461 3230 521 3290 nisi
544 3231 576 3291 in
596 3250 630 3294 re
656 3232 752 3294 dubia
770 3229 928 3308 judicium
950 3224 1095 3288 societati

116 3328 272 3409 superiori
287 3331 479 3390 reservatum
496 3335 588 3391 esset.

155 3426 251 3491 Prob.
266 3430 298 3486 2⁸
311 3444 394 3506 pars.
416 3425 581 3496 iudicium
598 3431 723 3490 rectum
737 3424 814 3487 ferri
825 3441 889 3484 non
902 3427 1016 3502 potest,
1032 3421 1092 3482 nisi

116 3525 239 3589 libratis
251 3525 326 3585 hine
338 3523 413 3584 inde
425 3523 620 3600 rationibus;
637 3524 723 3603 atqui
743 3522 881 3585 rationes
901 3522 1010 3582 librari
1027 3537 1093 3580 non

116 3621 317 3702 possuntnisi
327 3618 444 3682 auditis
456 3619 506 3698 iis,
521 3639 657 3700 quorum
671 3622 813 3685 interest.
