2594 4286
475 261 548 308 ellus
569 261 732 310 sederem.

379 491 399 542 1.
414 515 445 527 -
458 489 571 539 Potestas
584 486 731 550 prohibendi
743 484 828 536 libros.

151 671 368 752 Distinguitur
388 671 483 752 hujus
512 669 680 752 potestatis
705 669 887 747 necessitas,
914 669 1090 748 existentia,

99 768 316 850 exercitium.

151 868 176 929 1.
192 867 356 930 Necessitas
363 867 554 948 prohibendi
569 866 669 930 libros
686 884 799 948 pravos
817 868 865 930 vel
882 867 995 930 noxios
1009 867 1093 930 erui-

97 972 164 1026 tur
176 968 371 1045 tumexlege
382 966 517 1029 naturali
529 965 673 1046 fugiendi
686 964 875 1043 periculum,
886 957 958 1028 'tum
968 982 1005 1027 ex
1014 984 1094 1045 prae-

100 1068 208 1142 cepto
220 1063 338 1139 divino,
351 1069 420 1126 tum
434 1063 630 1144 experientia
640 1063 798 1126 malorum
809 1081 880 1143 quae
893 1081 931 1126 ex
937 1063 1093 1126 librorum

103 1161 271 1240 ejusmodi
281 1163 417 1224 lectione
433 1163 590 1224 oriuntur.

152 1260 190 1321 ll.
215 1259 357 1321 Ecclesioe
388 1261 525 1342 competit
541 1268 673 1342 potestas
701 1258 894 1339 prohibendi
919 1260 1016 1322 libros
1040 1261 1094 1340 qui

103 1358 159 1418 vel
176 1359 284 1432 fidem,
301 1359 349 1419 vel
365 1375 482 1434 mores,
499 1359 548 1420 vel
562 1359 766 1437 disciplinam
786 1359 961 1422 offendunt.
986 1358 1093 1422 Chris-

102 1461 162 1516 tus
178 1455 265 1516 cnim
281 1455 368 1516 illem
390 1456 420 1517 ei
449 1456 586 1518 contulit
606 1473 680 1518 eum
697 1455 768 1535 jure
790 1456 927 1524 docendi
955 1454 1008 1536 (l).
1038 1457 1093 1516 llis

104 1551 217 1613 verbis
232 1573 239 1614 :
253 1552 356 1614 Docete
382 1572 478 1614 omnes
498 1560 606 1634 pentes,
631 1553 759 1614 docentes
784 1572 829 1614 cos
858 1571 975 1615 servare
999 1553 1095 1614 omnio

104 1669 300 1732 quencumque
310 1649 451 1712 mandavi
465 1649 553 1726 cobis,
571 1650 723 1712 Dominus
737 1650 898 1730 Apostolis
920 1649 1095 1712 committit

106 1749 257 1809 officium
269 1747 457 1826 providendi
474 1765 514 1809 nc
529 1748 641 1825 religio
657 1747 690 1807 in
705 1749 767 1808 lide
778 1748 826 1808 vel
842 1747 984 1811 moribus
994 1747 1092 1808 detri-

105 1844 1095 1925 mentumcapiat.Atquimultilihrifidelibusnocent‚eorum-

106 1961 172 2022 que
188 1945 287 2005 fldem
302 1948 335 2004 et
349 1959 454 2004 mores
469 1942 664 2004 subvertunt.
683 1943 821 2005 Proinde
836 1949 975 2021 potestas
992 1943 1108 2005 eccle--

106 2041 241 2102 siastica
254 2041 485 2120 complectitur
508 2040 560 2120 jus
582 2041 776 2120 prohibendi
800 2039 899 2102 libros
922 2059 1034 2121 pravos
1061 2046 1093 2105 et

105 2138 232 2203 noxios.

149 2239 205 2298 lll.
219 2237 332 2298 Prasia
342 2237 485 2300 Ecclesiae
500 2239 613 2318 prohat
626 2257 791 2319 perversos
803 2239 901 2302 libros
922 2241 954 2300 et
968 2253 1022 2299 sua
1037 2254 1094 2300 na-

106 2341 184 2398 tura
193 2334 391 2414 periculosos
407 2353 485 2412 csse,
508 2341 540 2398 ct
556 2337 690 2415 positiva
707 2338 776 2416 lege
802 2337 1031 2416 prohibendos.
1048 2335 1094 2397 llx

105 2433 243 2496 historia
252 2435 394 2496 omnium
408 2435 598 2496 saeculorum
611 2440 735 2496 constat
749 2436 897 2497 Summos
909 2433 1090 2509 Pontifices,

105 2531 256 2608 concilia,
272 2532 445 2611 Episcopos
465 2548 602 2611 semper,
619 2532 712 2592 variis
730 2531 860 2613 quidem
876 2531 991 2606 modis,
1007 2549 1094 2593 exer·

105 2647 181 2692 cere
206 2629 427 2692 auctoritatem
450 2629 641 2708 prohibendi
656 2629 753 2692 libros
769 2630 916 2708 religioni
931 2627 1090 2691 inimicos.

151 2731 206 2792 IV.
221 2729 340 2789 Eadem
351 2728 504 2790 Ecclesiae
517 2733 666 2806 potestas,
683 2729 770 2790 idem
792 2745 919 2807 semper
940 2725 1092 2788 Ecclesiae

107 2823 243 2902 spiritus
258 2828 446 2902 perseverat.
474 2825 594 2906 ilerum
616 2826 705 2886 novis
732 2824 847 2888 exortis
859 2819 1010 2904 periculis
1034 2837 1092 2900 per

104 2937 204 2981 novas
228 2922 336 3001 legum
358 2920 582 2999 dispositiones
620 2921 812 2984 obviandum
836 2927 893 2982 est.
921 2918 1012 2981 Unde
1032 2936 1108 2996 pro.

106 3017 356 3081 circumstantiis
370 3011 611 3082 accidentaliter
624 3021 745 3083 diversa
755 3020 814 3082 fuit
825 3016 993 3096 disciplina
1007 3015 1093 3078 circa

104 3115 219 3178 libros.
777 3183 779 3188 ,
1090 3191 1096 3199 ,

147 3214 275 3276 Saeculo
296 3231 361 3289 xvi,
379 3232 453 3277 cum
471 3221 537 3278 arte
558 3214 786 3298 typographica
807 3213 936 3281 haeresis
947 3213 1092 3277 abutere-

104 3316 170 3388 tur,
186 3327 292 3391 neque
307 3313 391 3374 malo
403 3315 581 3376 amovendo
597 3314 781 3375 sufficerent
795 3312 933 3391 antiquae
948 3330 1092 3392 praecau·

103 3409 222 3486 tiones,
249 3402 668 3474 Conciliumlridcntinum
681 3410 773 3474 duxit
787 3409 914 3472 ludicen
934 3409 1089 3473 librorum

136 3595 279 3675 (nuum.
295 3621 383 3670 mm,
400 3611 437 3667 rc.
454 3613 493 3660 ro.
