2618 4252
482 319 555 364 PARS
577 321 743 370 sanemus.
846 353 850 362 ·
1044 325 1098 370 293
1119 356 1122 360 -

154 527 175 574 1.
188 519 385 583 independentia
402 519 517 571 Ecclesiae
532 523 614 584 quoad
628 523 797 585 magisterium
808 531 833 576 ot
843 525 1008 576 ministerium
1020 527 1064 590 ll).

160 683 185 742 1.
206 680 349 742 Ecclesia
366 685 414 741 est
429 669 648 758 independens
663 681 694 740 in
717 681 876 744 acerreadu
882 692 1030 764 potestate
1039 702 1101 744 me-

119 777 242 859 cisterci,
261 779 421 857 siquidem
445 778 506 856 ipsi
523 795 541 838 a
559 777 684 840 Christo
704 781 912 841 commissum
933 789 979 842 est
994 783 1045 861 jus
1067 786 1099 843 et

121 875 264 938 cilicium
286 876 435 936 docendi.
453 877 604 993 Rectores
618 868 771 938 Ecclesiae
786 877 886 940 libere
911 879 1100 958 permittan-

122 979 173 1038 tur
192 995 199 1035 :
721 985 722 988 ’

163 1077 195 1137 l.
224 1076 339 1138 Veram
362 1073 540 1135 doctrinam
565 1091 755 1154 propagare,
779 1074 874 1140 dubia
897 1077 983 1138 circa
1003 1079 1099 1140 fidem

123 1177 231 1234 exorta
245 1173 407 1245 dirimere,
428 1172 607 1234 decisiones
625 1172 781 1250 ejusmodi
793 1173 940 1235 fidelibus
956 1193 1101 1238 commu-

120 1269 241 1332 nicare.
865 1345 868 1352 Δ

161 1370 191 1428 2.
206 1366 453 1428 Instructionem
465 1364 648 1446 religiosam
659 1367 693 1427 in
707 1368 824 1430 scholis
842 1367 990 1450 dirigere,
1007 1371 1050 1432 ita
1065 1377 1100 1432 ut

17 1513 18 1518 1
119 1465 240 1540 cuncti,
261 1464 315 1542 qui
342 1465 531 1542 religionem
552 1468 605 1526 aut
619 1447 817 1544 theologiam
844 1469 960 1529 docere
977 1468 1097 1542 volunt,

118 1563 158 1623 ab
170 1561 355 1624 auctoritate
364 1561 580 1624 ecclesiastiea
594 1557 780 1643 missionem
792 1569 824 1626 et
835 1565 1099 1644 approbationem
1125 1643 1127 1648 Ι

121 1657 296 1722 obtineant.

159 1759 189 1819 3.
207 1757 309 1817 Novos
323 1757 462 1818 asseclas
477 1774 515 1818 ex
527 1756 755 1820 haereticorum
776 1762 830 1819 aut
845 1759 1022 1843 infidelium
1036 1779 1099 1822 nu-

119 1870 208 1916 mero
229 1869 397 1914 conversos
419 1853 452 1912 in
475 1855 627 1916 Ecclesiae
647 1854 753 1915 sinum
770 1855 923 1935 recipere,
948 1859 1101 1919 etcondi-

118 1951 221 2016 tiones
238 1950 331 2030 hujus
345 1951 495 2014 transitus
511 1953 734 2018 determinare.

158 2055 189 2112 l.
206 2051 340 2128 Propria
361 2051 548 2139 auctoritate
570 2050 729 2130 corrigere
743 2050 859 2113 abusus
875 2068 911 2113 ex
926 2058 1014 2129 parte
1029 2057 1099 2114 tum

119 2148 378 2228 predicatorum,
393 2149 648 2228 tunr.religionis
671 2149 898 2228 magistrorum
910 2151 991 2212 iorte
1003 2151 1100 2218 inter·

119 2246 293 2308 venientes

159 2346 197 2405 ll.
212 2347 363 2408 Ecclesiae
381 2347 537 2426 competit
551 2347 664 2407 eadem
678 2345 806 2407 libertas
821 2345 857 2405 rie
869 2343 1026 2406 ecercendo
1037 2363 1096 2404 mr·

120 2441 251 2502 cletario.
260 2443 371 2504 Omnia
382 2461 453 2522 quae
460 2446 656 2505 sacramenta
669 2446 700 2504 et
711 2443 985 2504 cultumdivinum
995 2441 1101 2519 respi-

122 2535 220 2610 ciunt,
236 2537 374 2616 publicae
390 2555 513 2615 preces,
526 2537 579 2614 pia
592 2533 743 2597 exercitia
750 2537 788 2596 ad
799 2552 926 2597 sensnm
938 2533 1099 2612 religionis

120 2632 292 2696 fovendum
314 2640 507 2714 comparata,
534 2635 614 2696 ratio
632 2633 805 2714 peragendi
827 2651 896 2694 rem
915 2629 1100 2690 divinamin

21 2805 27 2820 .
120 2731 216 2792 sacris
241 2732 459 2806 conventibus,
481 2733 551 2794 haec
573 2736 605 2793 et
630 2731 759 2804 similia,
782 2729 857 2790 licet
880 2732 1009 2788 externa
1033 2743 1100 2787 esse

120 2827 297 2901 videantur,
315 2831 424 2888 tamen
445 2834 519 2888 sunt
530 2845 580 2890 res
597 2827 831 2888 ecclesiasticae.
848 2825 1021 2903 Propterea
1035 2839 1102 2882 ma-

120 2913 179 2983 nus
206 2922 354 3000 prolanae·
368 2940 433 2982 non
456 2929 651 3002 praesumant
675 2920 846 2982 sanctuarii
872 2920 1019 2980 ordinem
1032 2934 1100 2980 mo-

122 3018 238 3080 derari.
881 3079 883 3083 ,

162 3116 333 3193 Perperam
347 3117 568 3198 pretenditur,
586 3116 735 3178 abusibus
748 3116 834 3178 cirea
846 3116 968 3177 cultum
986 3113 1102 3176 exortis

122 3213 357 3276 occurrendum
371 3230 449 3275 esse.
464 3213 625 3291 Numquid
640 3231 707 3274 non
727 3212 891 3274 constituti
906 3216 978 3273 sunt
994 3228 1100 3272 sacro·

122 3315 193 3372 rum
208 3309 384 3387 antistites,
398 3311 451 3389 qui
465 3311 596 3389 propria
609 3311 797 3373 auctoritate
812 3310 927 3370 abusus
944 3307 1100 3389 ejusmodi
1139 3372 1141 3384 ἁ
1233 3310 1236 3320 “

122 3407 322 3488 reprimant?

156 3585 187 3645 (ll
204 3583 318 3646 Phillips,
338 3564 374 3632 du
395 3571 466 3632 Droil
482 3581 664 3648 ecclesiasticae
681 3581 748 3632 dens
763 3597 802 3630 ses
822 3583 946 3647 principes
964 3551 1100 3644 gendrada,

64 3685 65 3690 ¹
122 3670 143 3712 t.
161 3662 220 3742 Il,§
239 3666 291 3715 111.
311 3690 340 3698 -
353 3666 452 3726 Sumez,
469 3664 585 3730 Defensio
596 3663 660 3729 fidei
670 3662 807 3724 cellrolr'coe,
821 3663 864 3712 lib.
881 3661 926 3722 lll,
938 3675 992 3724 cap.
1005 3675 1061 3710 vui.
