2618 4252
235 229 286 274 alb
392 227 552 273 axrosmlo
573 225 750 272 nurfloblcn
771 227 854 272 sums
878 227 1035 276 canonici.

232 344 424 423 pernaturali
436 345 626 406 confirmare
640 346 776 418 tenetur,
789 343 833 404 ita
846 344 980 406 societas
992 342 1090 406 civilis
1102 344 1222 406 catho-

233 442 370 504 licorum
387 441 500 521 spiritu
519 438 680 521 religionis
699 443 967 519 compenetranda
984 447 1042 503 est.
1060 440 1138 504 Hinc
1156 459 1223 521 po-

236 545 332 601 testas
347 538 447 601 civilis
463 537 703 612 subordinatur,
719 541 873 616 quatenus
887 537 971 599 illius
986 523 1076 600 actus
1088 539 1127 598 ad
1140 556 1222 602 nor-

159 653 162 660 *
235 651 323 697 mam
337 635 408 696 linis
423 633 544 696 altioris
559 633 773 713 componendi
786 633 924 714 sunt(l).
1292 709 1293 714 ἵ

272 737 303 796 2.
319 733 474 796 Probatur
493 731 671 813 Scriptores.
687 731 792 794 Verba
816 732 931 794 Christi
949 731 1161 813 (quodcumque
1183 733 1222 813 li-

234 832 350 914 paveris
368 851 455 913 super
473 839 593 905 terrum,
613 829 671 891 'erit
685 828 810 909 ligatum
824 837 854 890 et
868 831 899 891 in
911 831 1025 893 ecelis...
1045 831 1144 892 Pasce
1157 825 1222 892 oues
1292 827 1293 886 l

235 928 322 1010 meos)
343 929 511 990 conferunt
528 926 688 988 Ecclesiae»
700 926 1089 1008 potestatemjudicandi,
1112 929 1219 1008 quoad
1292 975 1293 1012 ἐ

235 1042 345 1089 omnes
367 1023 567 1098 christianos,
590 1023 697 1086 omnia
719 1041 788 1104 quae
810 1024 1037 1087 conscientiam
1056 1029 1217 1104 spectant.

235 1123 332 1204 Atqui
345 1121 492 1202 plurimae
504 1139 554 1183 res
569 1120 676 1184 civiles
690 1121 864 1202 respiciunt
885 1123 1085 1202 religionem,
1104 1125 1221 1201 quate-

235 1218 1220 1299 nusoonveniuntveladversanturlegidivinae,cujusbcclesia
1292 1215 1293 1228 ²

237 1325 284 1381 est
300 1318 456 1397 interpres
471 1321 501 1378 et
517 1321 633 1377 custos.
1292 1301 1293 1318 ¹

276 1419 304 1479 3.
322 1415 532 1477 Conssrmetur
549 1413 726 1476 auctoritate
743 1413 882 1488 Patrem,
903 1431 1039 1493 quorum
1054 1415 1218 1476 unanimis

143 1515 158 1561 ·,
237 1510 382 1576 doctrina
397 1516 454 1585 est,
475 1511 518 1572 ita
540 1513 636 1572 finem
658 1510 819 1574 societatis
835 1509 944 1586 civilis,
963 1513 1095 1592 ejusque
1119 1511 1219 1592 impe-

158 1638 160 1642 >
237 1608 319 1670 rium
343 1607 493 1670 Ecclesiae
516 1607 644 1670 subesse
664 1608 791 1686 debere,
809 1609 1083 1688 quemadmodum
1101 1627 1218 1689 corpus

236 1706 342 1768 subest
366 1705 492 1767 animae.
515 1707 596 1768 Satis
617 1706 677 1768 erit
704 1707 840 1786 allegare
868 1707 964 1769 verba
993 1709 1024 1770 S.
1052 1706 1218 1769 'Phomaee

240 1827 255 1861 n
281 1804 423 1864 Potestas
449 1803 609 1868 secularis
632 1802 778 1865 subditur
802 1804 968 1883 spirituali,
994 1805 1078 1867 sicut
1102 1822 1219 1885 corpus

237 1900 374 1975 animae3
393 1905 423 1962 et
439 1899 513 1962 ideo
526 1893 848 1980 nonestusurpatum
856 1902 1015 1980 judicium
1027 1901 1081 1982 (ᾖ).
1098 1925 1112 1962 n

276 2000 307 2060 t.
331 1997 486 2059 Probatur
502 2017 538 2058 ea
554 1998 648 2080 proci
663 1998 815 2061 Ecclese'oe.
837 1997 996 2060 Nimirum
1011 1999 1159 2063 Ecclesia
1172 2008 1219 2064 est

236 2087 409 2156 infallibilis
429 2094 462 2155 in
481 2095 648 2174 disciplina
666 2095 822 2175 generali3
845 2095 932 2176 atqui
951 2101 1146 2176 potestatem
1169 2099 1219 2160 in·

202 2189 204 2196 “
237 2191 390 2254 directam
404 2198 530 2254 exercet
550 2198 742 2269 constanter,
761 2194 884 2256 diverso
903 2201 1011 2256 tamen
1025 2196 1139 2275 gradu,
1156 2195 1219 2258 sive

237 2290 270 2350 in
285 2287 467 2352 nationibus
480 2291 712 2368 convertendis,
728 2290 837 2353 sivein
850 2291 1032 2354 nationibus
1046 2293 1219 2356 christiane

236 2386 551 2466 constitutis„siveiu
562 2388 744 2450 nationibus
759 2389 934 2451 hodiernis.

275 2484 392 2562 Primo,
409 2484 552 2545 Ecclesia
567 2484 675 2564 quovis
691 2488 808 2548 saeculo
827 2487 1003 2566 ingreditur
1018 2486 1217 2550 territorium
1292 2529 1293 2562 ÷

237 2580 341 2644 invitis
364 2580 584 2661 potestatibus.
609 2582 804 2645 Libertatem
830 2601 919 2644 suam
938 2583 1089 2645 vindicat.
1115 2585 1216 2647 Docet

237 2678 453 2742 obediendum
463 2697 531 2740 esse
542 2681 608 2740 Deo
619 2677 717 2759 magis
731 2698 826 2760 quam
836 2672 1041 2756 hominibus;
1058 2679 1218 2742 subtrahit
1292 2674 1293 2700 ¹

236 2777 347 2840 ildeles
361 2775 551 2840 obedientiae
566 2775 730 2857 potestatis
748 2777 848 2840 civilis
869 2777 900 2840 in
923 2779 1070 2841 omnibus
1084 2797 1156 2857 quae
1172 2779 1216 2840 le

213 2909 215 2916 ,
237 2875 328 2954 gibus
341 2875 455 2936 divinis
470 2881 659 2956 repugnant.
1061 2943 1063 2950 Α

275 2971 417 3050 Secundo,
432 2973 591 3052 prioribus
603 2975 738 3048 saeculis,
752 2973 894 3036 Ecclesia
904 2973 1124 3037 conditionem
1139 2992 1215 3054 pue·

269 3173 301 3234 (ll
321 3171 434 3234 Phillips‚
450 3173 488 3222 Du
504 3172 575 3223 droit
595 3170 780 3237 ecclesiastibus
795 3173 858 3222 duas
874 3186 914 3222 ses
932 3173 1063 3237 principes
1073 3172 1214 3236 generares,
1292 3199 1293 3226 l

236 3256 255 3298 t.
267 3249 298 3308 ll,
308 3251 382 3313 chup.
393 3265 419 3312 x,
432 3251 447 3314 ἓ
464 3254 517 3301 lla.
992 3285 993 3295 κ

268 3330 304 3389 (2)
325 3329 349 3378 S.
369 3330 477 3379 loannes
498 3331 689 3399 chrysostomus
703 3332 730 3382 in
747 3332 832 3382 teor.
846 3333 920 3382 Hom.
936 3345 978 3382 xv.
994 3359 1025 3367 -
1041 3329 1214 3392 sangarius

237 3406 415 3466 Nazianzenus.
432 3409 513 3472 Orat,
528 3423 591 3460 xvu.
603 3409 634 3449 -’-
645 3412 673 3461 S.
695 3410 804 3462 isidorus
815 3413 909 3473 Palus,
926 3413 971 3462 lib.
990 3411 1034 3472 lll,
1045 3425 1088 3473 ep.
1112 3413 1169 3462 lla.
1186 3437 1214 3449 -

236 3485 287 3614 lvo²
294 3483 464 3546 carnutensis,
478 3501 519 3550 ep.
535 3492 574 3542 ⁵1.
592 3516 623 3530 -
634 3491 659 3544 S.
675 3491 858 3555 bonaventura,
869 3491 913 3542 lib.
930 3491 962 3542 de
972 3490 1039 3542 dccl.
1055 3489 1213 3553 Hieremiae,

235 3577 261 3626 p·
288 3595 297 3616 .
