<?xml version="1.0" encoding="UTF-8"?>
<!DOCTYPE html PUBLIC "-//W3C//DTD XHTML 1.0 Transitional//EN"
    "http://www.w3.org/TR/xhtml1/DTD/xhtml1-transitional.dtd">
<html xmlns="http://www.w3.org/1999/xhtml" xml:lang="en" lang="en">
 <head>
  <title>
</title>
<meta http-equiv="Content-Type" content="text/html;charset=utf-8" />
  <meta name='ocr-system' content='tesseract 3.04.00' />
  <meta name='ocr-capabilities' content='ocr_page ocr_carea ocr_par ocr_line ocrx_word'/>
</head>
<body>
  <div class='ocr_page' id='page_1' title='image "./expositiomethod01hugugoog_0044.png"; bbox 0 0 2594 4286; ppageno 0'>
   <div class='ocr_carea' id='block_1_1' title="bbox 479 225 1093 308">
    <p class='ocr_par' dir='ltr' id='par_1_1' title="bbox 479 225 1093 308">
     <span class='ocr_line' id='line_1_1' title="bbox 479 225 1093 308; baseline -0.007 -34"><span class='ocrx_word' id='word_1_1' title='bbox 479 227 552 308; x_wconf 69' lang='lat' dir='ltr'>Pelas</span> <span class='ocrx_word' id='word_1_2' title='bbox 574 227 737 276; x_wconf 71' lang='lat' dir='ltr'>seucum.</span> <span class='ocrx_word' id='word_1_3' title='bbox 1062 225 1093 272; x_wconf 70' lang='grc'>33</span> 
     </span>
    </p>
   </div>
   <div class='ocr_carea' id='block_1_2' title="bbox 65 343 1095 824">
    <p class='ocr_par' dir='ltr' id='par_1_2' title="bbox 65 343 1095 824">
     <span class='ocr_line' id='line_1_2' title="bbox 153 343 1095 428; baseline -0.005 -17"><span class='ocrx_word' id='word_1_4' title='bbox 153 351 306 412; x_wconf 84' lang='lat' dir='ltr'>Glarrsura</span> <span class='ocrx_word' id='word_1_5' title='bbox 320 345 555 428; x_wconf 87' lang='lat' dir='ltr'>religiosorum.</span> <span class='ocrx_word' id='word_1_6' title='bbox 581 346 771 410; x_wconf 81' lang='lat' dir='ltr'>Prohibetur</span> <span class='ocrx_word' id='word_1_7' title='bbox 799 343 957 426; x_wconf 75' lang='lat' dir='ltr'>ingressus</span> <span class='ocrx_word' id='word_1_8' title='bbox 980 345 1095 408; x_wconf 91' lang='lat' dir='ltr'>mulie-</span> 
     </span>
     <span class='ocr_line' id='line_1_3' title="bbox 116 445 1095 526; baseline -0.003 -17"><span class='ocrx_word' id='word_1_9' title='bbox 116 445 1095 526; x_wconf 84' lang='lat' dir='ltr'>rumsubpoenaexoommunicationis.Ingressusvirorumnon</span> 
     </span>
     <span class='ocr_line' id='line_1_4' title="bbox 116 543 1093 623; baseline 0.002 -19"><span class='ocrx_word' id='word_1_10' title='bbox 116 543 308 623; x_wconf 80' lang='lat' dir='ltr'><strong>prohibetur</strong></span> <span class='ocrx_word' id='word_1_11' title='bbox 318 545 389 622; x_wconf 88' lang='lat' dir='ltr'>jure</span> <span class='ocrx_word' id='word_1_12' title='bbox 410 544 586 622; x_wconf 89' lang='lat' dir='ltr'>communi,</span> <span class='ocrx_word' id='word_1_13' title='bbox 603 563 678 606; x_wconf 92' lang='lat' dir='ltr'>nam</span> <span class='ocrx_word' id='word_1_14' title='bbox 700 544 804 607; x_wconf 90' lang='lat' dir='ltr'>minus</span> <span class='ocrx_word' id='word_1_15' title='bbox 824 545 958 606; x_wconf 81' lang='lat' dir='ltr'>dedecet</span> <span class='ocrx_word' id='word_1_16' title='bbox 976 549 1093 606; x_wconf 90' lang='lat' dir='ltr'>statum</span> 
     </span>
     <span class='ocr_line' id='line_1_5' title="bbox 115 640 1090 724; baseline -0.001 -21"><span class='ocrx_word' id='word_1_17' title='bbox 115 640 319 722; x_wconf 83' lang='lat' dir='ltr'>religiosum3</span> <span class='ocrx_word' id='word_1_18' title='bbox 332 641 453 704; x_wconf 85' lang='lat' dir='ltr'>externi</span> <span class='ocrx_word' id='word_1_19' title='bbox 475 643 601 706; x_wconf 80' lang='lat' dir='ltr'>admitti</span> <span class='ocrx_word' id='word_1_20' title='bbox 616 647 750 724; x_wconf 87' lang='lat' dir='ltr'>possunt</span> <span class='ocrx_word' id='word_1_21' title='bbox 769 661 863 705; x_wconf 89' lang='lat' dir='ltr'>causa</span> <span class='ocrx_word' id='word_1_22' title='bbox 884 641 1090 716; x_wconf 72' lang='lat' dir='ltr'>necessitatis</span> 
     </span>
     <span class='ocr_line' id='line_1_6' title="bbox 65 738 1053 824; baseline 0.002 -24"><span class='ocrx_word' id='word_1_23' title='bbox 65 807 72 824; x_wconf 47' lang='lat'><strong>·</strong></span> <span class='ocrx_word' id='word_1_24' title='bbox 117 746 175 801; x_wconf 93' lang='lat' dir='ltr'>aut</span> <span class='ocrx_word' id='word_1_25' title='bbox 190 740 350 818; x_wconf 83' lang='lat' dir='ltr'>utilitatis,</span> <span class='ocrx_word' id='word_1_26' title='bbox 365 747 419 803; x_wconf 90' lang='lat' dir='ltr'>aut</span> <span class='ocrx_word' id='word_1_27' title='bbox 431 741 527 803; x_wconf 90' lang='lat' dir='ltr'>etiam</span> <span class='ocrx_word' id='word_1_28' title='bbox 538 741 724 818; x_wconf 66' lang='lat' dir='ltr'>honestatis</span> <span class='ocrx_word' id='word_1_29' title='bbox 737 740 858 821; x_wconf 87' lang='lat' dir='ltr'>judicio</span> <span class='ocrx_word' id='word_1_30' title='bbox 873 738 1053 820; x_wconf 89' lang='lat' dir='ltr'>superioris.</span> 
     </span>
    </p>
   </div>
   <div class='ocr_carea' id='block_1_3' title="bbox 112 851 1096 1128">
    <p class='ocr_par' dir='ltr' id='par_1_3' title="bbox 112 851 1096 1128">
     <span class='ocr_line' id='line_1_7' title="bbox 155 851 1095 933; baseline 0.002 -21"><span class='ocrx_word' id='word_1_31' title='bbox 155 853 309 932; x_wconf 79' lang='lat' dir='ltr'>Egressus</span> <span class='ocrx_word' id='word_1_32' title='bbox 319 869 337 913; x_wconf 91' lang='lat' dir='ltr'>e</span> <span class='ocrx_word' id='word_1_33' title='bbox 347 852 541 916; x_wconf 87' lang='lat' dir='ltr'>monasterio</span> <span class='ocrx_word' id='word_1_34' title='bbox 550 853 616 915; x_wconf 91' lang='lat' dir='ltr'>sine</span> <span class='ocrx_word' id='word_1_35' title='bbox 628 851 757 916; x_wconf 89' lang='lat' dir='ltr'>licentia</span> <span class='ocrx_word' id='word_1_36' title='bbox 770 857 817 914; x_wconf 89' lang='lat' dir='ltr'>est</span> <span class='ocrx_word' id='word_1_37' title='bbox 830 856 998 933; x_wconf 90' lang='lat' dir='ltr'>peccatum</span> <span class='ocrx_word' id='word_1_38' title='bbox 1010 869 1095 914; x_wconf 87' lang='lat' dir='ltr'>mor-</span> 
     </span>
     <span class='ocr_line' id='line_1_8' title="bbox 113 948 1096 1032; baseline 0 -22"><span class='ocrx_word' id='word_1_39' title='bbox 113 950 191 1018; x_wconf 86' lang='lat' dir='ltr'>tale,</span> <span class='ocrx_word' id='word_1_40' title='bbox 208 948 234 1010; x_wconf 90' lang='lat' dir='ltr'>si</span> <span class='ocrx_word' id='word_1_41' title='bbox 248 949 378 1012; x_wconf 90' lang='lat' dir='ltr'>materia</span> <span class='ocrx_word' id='word_1_42' title='bbox 393 950 433 1012; x_wconf 92' lang='lat' dir='ltr'>sit</span> <span class='ocrx_word' id='word_1_43' title='bbox 452 949 564 1032; x_wconf 85' lang='lat' dir='ltr'>gravis,</span> <span class='ocrx_word' id='word_1_44' title='bbox 580 969 609 1014; x_wconf 85' lang='lat' dir='ltr'>v.</span> <span class='ocrx_word' id='word_1_45' title='bbox 627 969 659 1030; x_wconf 83' lang='lat' dir='ltr'>g.</span> <span class='ocrx_word' id='word_1_46' title='bbox 686 949 785 1013; x_wconf 86' lang='lat' dir='ltr'>exitus</span> <span class='ocrx_word' id='word_1_47' title='bbox 801 948 897 1012; x_wconf 90' lang='lat' dir='ltr'>etiam</span> <span class='ocrx_word' id='word_1_48' title='bbox 911 949 1042 1012; x_wconf 85' lang='lat' dir='ltr'>diurnus</span> <span class='ocrx_word' id='word_1_49' title='bbox 1057 948 1096 1012; x_wconf 86' lang='lat' dir='ltr'>li-</span> 
     </span>
     <span class='ocr_line' id='line_1_9' title="bbox 112 1044 1095 1128; baseline 0.002 -22"><span class='ocrx_word' id='word_1_50' title='bbox 112 1044 224 1108; x_wconf 89' lang='lat' dir='ltr'>berior</span> <span class='ocrx_word' id='word_1_51' title='bbox 237 1052 268 1108; x_wconf 89' lang='lat' dir='ltr'>et</span> <span class='ocrx_word' id='word_1_52' title='bbox 281 1047 494 1126; x_wconf 82' lang='lat' dir='ltr'>frequentior:</span> <span class='ocrx_word' id='word_1_53' title='bbox 508 1067 566 1108; x_wconf 88' lang='lat' dir='ltr'>aaa</span> <span class='ocrx_word' id='word_1_54' title='bbox 579 1045 839 1128; x_wconf 80' lang='lat' dir='ltr'>licetrepalaribas</span> <span class='ocrx_word' id='word_1_55' title='bbox 848 1065 867 1106; x_wconf 88' lang='lat' dir='ltr'>a</span> <span class='ocrx_word' id='word_1_56' title='bbox 876 1047 934 1108; x_wconf 85' lang='lat' dir='ltr'>saie</span> <span class='ocrx_word' id='word_1_57' title='bbox 949 1047 1095 1110; x_wconf 81' lang='lat' dir='ltr'>couventi-</span> 
     </span>
    </p>
   </div>
   <div class='ocr_carea' id='block_1_4' title="bbox 116 1141 613 1224">
    <p class='ocr_par' dir='ltr' id='par_1_4' title="bbox 116 1141 613 1224">
     <span class='ocr_line' id='line_1_10' title="bbox 116 1141 613 1224; baseline 0.006 -21"><span class='ocrx_word' id='word_1_58' title='bbox 116 1142 169 1204; x_wconf 85' lang='lat' dir='ltr'>bas</span> <span class='ocrx_word' id='word_1_59' title='bbox 180 1143 321 1206; x_wconf 81' lang='lat' dir='ltr'>recedere.</span> <span class='ocrx_word' id='word_1_60' title='bbox 337 1145 443 1224; x_wconf 84' lang='lat' dir='ltr'>(Conc.</span> <span class='ocrx_word' id='word_1_61' title='bbox 460 1145 562 1224; x_wconf 86' lang='lat' dir='ltr'>Trid.)</span> <span class='ocrx_word' id='word_1_62' title='bbox 604 1141 613 1159; x_wconf 83' lang='lat'>&#39;</span> 
     </span>
    </p>
   </div>
   <div class='ocr_carea' id='block_1_5' title="bbox 112 1255 1099 2221">
    <p class='ocr_par' dir='ltr' id='par_1_5' title="bbox 112 1255 1099 1907">
     <span class='ocr_line' id='line_1_11' title="bbox 155 1255 1095 1320; baseline 0.002 -4"><span class='ocrx_word' id='word_1_63' title='bbox 155 1257 195 1316; x_wconf 91' lang='lat' dir='ltr'>ll.</span> <span class='ocrx_word' id='word_1_64' title='bbox 210 1258 255 1317; x_wconf 92' lang='lat' dir='ltr'>De</span> <span class='ocrx_word' id='word_1_65' title='bbox 279 1255 472 1318; x_wconf 88' lang='lat' dir='ltr'>monialibus</span> <span class='ocrx_word' id='word_1_66' title='bbox 492 1259 589 1320; x_wconf 86' lang='lat' dir='ltr'>Cone.</span> <span class='ocrx_word' id='word_1_67' title='bbox 607 1256 692 1319; x_wconf 79' lang='lat' dir='ltr'>&#39;cria</span> <span class='ocrx_word' id='word_1_68' title='bbox 714 1257 841 1320; x_wconf 89' lang='lat' dir='ltr'>statuit:</span> <span class='ocrx_word' id='word_1_69' title='bbox 856 1256 977 1320; x_wconf 76' lang='lat' dir='ltr'>Naaiaa·</span> <span class='ocrx_word' id='word_1_70' title='bbox 988 1258 1095 1318; x_wconf 54' lang='lat' dir='ltr'>sancti*</span> 
     </span>
     <span class='ocr_line' id='line_1_12' title="bbox 114 1353 1095 1438; baseline 0.002 -24"><span class='ocrx_word' id='word_1_71' title='bbox 114 1353 283 1438; x_wconf 53' lang='lat' dir='ltr'>monialium</span> <span class='ocrx_word' id='word_1_72' title='bbox 296 1354 383 1415; x_wconf 83' lang='lat' dir='ltr'>liceat</span> <span class='ocrx_word' id='word_1_73' title='bbox 391 1365 457 1436; x_wconf 83' lang='lat' dir='ltr'>post</span> <span class='ocrx_word' id='word_1_74' title='bbox 467 1354 675 1437; x_wconf 78' lang='lat' dir='ltr'>professionem</span> <span class='ocrx_word' id='word_1_75' title='bbox 686 1356 768 1418; x_wconf 74' lang='lat' dir='ltr'>exire</span> <span class='ocrx_word' id='word_1_76' title='bbox 781 1377 799 1416; x_wconf 92' lang='lat' dir='ltr'>a</span> <span class='ocrx_word' id='word_1_77' title='bbox 812 1355 997 1430; x_wconf 78' lang='lat' dir='ltr'>monasterio,</span> <span class='ocrx_word' id='word_1_78' title='bbox 1006 1356 1095 1416; x_wconf 74' lang='lat' dir='ltr'>ettam</span> 
     </span>
     <span class='ocr_line' id='line_1_13' title="bbox 115 1450 1096 1535; baseline 0.003 -24"><span class='ocrx_word' id='word_1_79' title='bbox 115 1450 156 1511; x_wconf 86' lang='lat' dir='ltr'>ad</span> <span class='ocrx_word' id='word_1_80' title='bbox 167 1451 250 1512; x_wconf 80' lang='lat' dir='ltr'>breue</span> <span class='ocrx_word' id='word_1_81' title='bbox 265 1459 388 1534; x_wconf 85' lang='lat' dir='ltr'>tempas,</span> <span class='ocrx_word' id='word_1_82' title='bbox 398 1471 577 1534; x_wconf 83' lang='lat' dir='ltr'>quocumque</span> <span class='ocrx_word' id='word_1_83' title='bbox 585 1463 744 1535; x_wconf 78' lang='lat' dir='ltr'>preelecta,</span> <span class='ocrx_word' id='word_1_84' title='bbox 757 1456 817 1516; x_wconf 75' lang='lat' dir='ltr'>atsi</span> <span class='ocrx_word' id='word_1_85' title='bbox 823 1475 862 1516; x_wconf 83' lang='lat' dir='ltr'>ear</span> <span class='ocrx_word' id='word_1_86' title='bbox 870 1454 1000 1535; x_wconf 78' lang='lat' dir='ltr'>lepitima</span> <span class='ocrx_word' id='word_1_87' title='bbox 1009 1473 1096 1514; x_wconf 83' lang='lat' dir='ltr'>causa</span> 
     </span>
     <span class='ocr_line' id='line_1_14' title="bbox 114 1549 1099 1634; baseline 0.002 -25"><span class='ocrx_word' id='word_1_88' title='bbox 114 1549 152 1609; x_wconf 82' lang='lat' dir='ltr'>ab</span> <span class='ocrx_word' id='word_1_89' title='bbox 167 1549 314 1631; x_wconf 79' lang='lat' dir='ltr'>Episcopo</span> <span class='ocrx_word' id='word_1_90' title='bbox 332 1549 531 1631; x_wconf 82' lang='lat' dir='ltr'>approbanda.</span> <span class='ocrx_word' id='word_1_91' title='bbox 547 1585 588 1598; x_wconf 91' lang='lat'>-</span> <span class='ocrx_word' id='word_1_92' title='bbox 602 1553 724 1633; x_wconf 79' lang='lat' dir='ltr'>Iapredi</span> <span class='ocrx_word' id='word_1_93' title='bbox 735 1551 813 1614; x_wconf 80' lang='lat' dir='ltr'>iutra</span> <span class='ocrx_word' id='word_1_94' title='bbox 828 1561 911 1634; x_wconf 86' lang='lat' dir='ltr'>septa</span> <span class='ocrx_word' id='word_1_95' title='bbox 928 1550 1099 1612; x_wconf 81' lang='lat' dir='ltr'>monasterii</span> 
     </span>
     <span class='ocr_line' id='line_1_15' title="bbox 113 1648 1097 1732; baseline 0.002 -24"><span class='ocrx_word' id='word_1_96' title='bbox 113 1649 286 1709; x_wconf 78' lang='lat' dir='ltr'>monialium</span> <span class='ocrx_word' id='word_1_97' title='bbox 303 1649 412 1710; x_wconf 74' lang='lat' dir='ltr'>reamini</span> <span class='ocrx_word' id='word_1_98' title='bbox 425 1648 520 1724; x_wconf 84' lang='lat' dir='ltr'>liceat,</span> <span class='ocrx_word' id='word_1_99' title='bbox 537 1651 590 1711; x_wconf 84' lang='lat' dir='ltr'>sab</span> <span class='ocrx_word' id='word_1_100' title='bbox 602 1671 688 1732; x_wconf 84' lang='lat' dir='ltr'>poeaa</span> <span class='ocrx_word' id='word_1_101' title='bbox 702 1651 1015 1725; x_wconf 72' lang='lat' dir='ltr'>excommunicationis,</span> <span class='ocrx_word' id='word_1_102' title='bbox 1037 1650 1097 1710; x_wconf 79' lang='lat' dir='ltr'>siae</span> 
     </span>
     <span class='ocr_line' id='line_1_16' title="bbox 112 1745 1097 1831; baseline 0.001 -24"><span class='ocrx_word' id='word_1_103' title='bbox 112 1745 353 1829; x_wconf 73' lang='lat' dir='ltr'>leecateascripta</span> <span class='ocrx_word' id='word_1_104' title='bbox 375 1767 463 1830; x_wconf 83' lang='lat' dir='ltr'>qaam</span> <span class='ocrx_word' id='word_1_105' title='bbox 483 1748 647 1831; x_wconf 81' lang='lat' dir='ltr'>Episcopus</span> <span class='ocrx_word' id='word_1_106' title='bbox 659 1750 827 1812; x_wconf 80' lang='lat' dir='ltr'>coneeditia</span> <span class='ocrx_word' id='word_1_107' title='bbox 853 1749 964 1810; x_wconf 82' lang='lat' dir='ltr'>casibus</span> <span class='ocrx_word' id='word_1_108' title='bbox 977 1748 1097 1810; x_wconf 83' lang='lat' dir='ltr'>accessi-</span> 
     </span>
     <span class='ocr_line' id='line_1_17' title="bbox 112 1846 917 1907; baseline 0.001 -1"><span class='ocrx_word' id='word_1_109' title='bbox 112 1846 194 1907; x_wconf 84' lang='lat' dir='ltr'>tctis.</span> <span class='ocrx_word' id='word_1_110' title='bbox 250 1873 254 1882; x_wconf 93' lang='lat'><em>·</em></span> <span class='ocrx_word' id='word_1_111' title='bbox 913 1867 917 1876; x_wconf 69' lang='lat'><strong>⁴</strong></span> 
     </span>
    </p>

    <p class='ocr_par' dir='ltr' id='par_1_6' title="bbox 112 1943 1094 2221">
     <span class='ocr_line' id='line_1_18' title="bbox 154 1943 1094 2028; baseline -0.003 -20"><span class='ocrx_word' id='word_1_112' title='bbox 154 1943 365 2025; x_wconf 86' lang='lat' dir='ltr'>Distinguitur</span> <span class='ocrx_word' id='word_1_113' title='bbox 376 1947 521 2008; x_wconf 90' lang='lat' dir='ltr'>clausura</span> <span class='ocrx_word' id='word_1_114' title='bbox 540 1946 660 2025; x_wconf 89' lang='lat' dir='ltr'>papalis</span> <span class='ocrx_word' id='word_1_115' title='bbox 682 1949 779 2009; x_wconf 90' lang='lat' dir='ltr'>modo</span> <span class='ocrx_word' id='word_1_116' title='bbox 797 1946 949 2028; x_wconf 85' lang='lat' dir='ltr'>exposita,</span> <span class='ocrx_word' id='word_1_117' title='bbox 964 1949 995 2007; x_wconf 90' lang='lat' dir='ltr'>et</span> <span class='ocrx_word' id='word_1_118' title='bbox 1009 1943 1094 2006; x_wconf 91' lang='lat' dir='ltr'>clau·</span> 
     </span>
     <span class='ocr_line' id='line_1_19' title="bbox 112 2041 1094 2133; baseline -0.005 -27"><span class='ocrx_word' id='word_1_119' title='bbox 112 2063 188 2106; x_wconf 90' lang='lat' dir='ltr'>sura</span> <span class='ocrx_word' id='word_1_120' title='bbox 206 2043 395 2133; x_wconf 89' lang='lat' dir='ltr'>episcopalis</span> <span class='ocrx_word' id='word_1_121' title='bbox 425 2061 521 2123; x_wconf 89' lang='lat' dir='ltr'>quam</span> <span class='ocrx_word' id='word_1_122' title='bbox 539 2043 714 2125; x_wconf 80' lang='lat' dir='ltr'>Episcopus</span> <span class='ocrx_word' id='word_1_123' title='bbox 736 2043 873 2126; x_wconf 88' lang='lat' dir='ltr'>imponit</span> <span class='ocrx_word' id='word_1_124' title='bbox 887 2041 1094 2107; x_wconf 82' lang='lat' dir='ltr'>conventibus</span> 
     </span>
     <span class='ocr_line' id='line_1_20' title="bbox 112 2141 483 2221; baseline -0.003 -16"><span class='ocrx_word' id='word_1_125' title='bbox 112 2147 262 2205; x_wconf 86' lang='lat' dir='ltr'>votorum</span> <span class='ocrx_word' id='word_1_126' title='bbox 277 2141 483 2221; x_wconf 88' lang='lat' dir='ltr'>simplicium.</span> 
     </span>
    </p>
   </div>
   <div class='ocr_carea' id='block_1_6' title="bbox 186 2353 1027 2515">
    <p class='ocr_par' dir='ltr' id='par_1_7' title="bbox 186 2353 1027 2515">
     <span class='ocr_line' id='line_1_21' title="bbox 186 2353 1027 2423; baseline -0.001 -16"><span class='ocrx_word' id='word_1_127' title='bbox 186 2353 243 2419; x_wconf 75' lang='lat' dir='ltr'>§a</span> <span class='ocrx_word' id='word_1_128' title='bbox 261 2381 291 2392; x_wconf 96' lang='lat'>-</span> <span class='ocrx_word' id='word_1_129' title='bbox 308 2353 444 2423; x_wconf 72' lang='lat' dir='ltr'>obuaauo</span> <span class='ocrx_word' id='word_1_130' title='bbox 463 2355 629 2409; x_wconf 81' lang='lat' dir='ltr'>stabilitatis</span> <span class='ocrx_word' id='word_1_131' title='bbox 651 2369 701 2409; x_wconf 83' lang='lat' dir='ltr'>eea</span> <span class='ocrx_word' id='word_1_132' title='bbox 717 2357 751 2410; x_wconf 86' lang='lat' dir='ltr'>de</span> <span class='ocrx_word' id='word_1_133' title='bbox 767 2355 908 2423; x_wconf 78' lang='lat' dir='ltr'>relipieele</span> <span class='ocrx_word' id='word_1_134' title='bbox 922 2357 1027 2408; x_wconf 80' lang='lat' dir='ltr'>statum</span> 
     </span>
     <span class='ocr_line' id='line_1_22' title="bbox 486 2450 719 2515; baseline 0.009 -15"><span class='ocrx_word' id='word_1_135' title='bbox 486 2450 662 2502; x_wconf 81' lang='lat' dir='ltr'>mutantibus</span> <span class='ocrx_word' id='word_1_136' title='bbox 677 2453 719 2515; x_wconf 80' lang='lat'><strong>(1).</strong></span> 
     </span>
    </p>
   </div>
   <div class='ocr_carea' id='block_1_7' title="bbox 110 2616 1092 2895">
    <p class='ocr_par' dir='ltr' id='par_1_8' title="bbox 110 2616 1092 2895">
     <span class='ocr_line' id='line_1_23' title="bbox 153 2616 1092 2697; baseline -0.004 -17"><span class='ocrx_word' id='word_1_137' title='bbox 153 2616 312 2697; x_wconf 83' lang='lat' dir='ltr'>Obligatio</span> <span class='ocrx_word' id='word_1_138' title='bbox 338 2617 517 2680; x_wconf 89' lang='lat' dir='ltr'>stabilitatis</span> <span class='ocrx_word' id='word_1_139' title='bbox 538 2618 699 2683; x_wconf 88' lang='lat' dir='ltr'>inducitur</span> <span class='ocrx_word' id='word_1_140' title='bbox 715 2637 753 2682; x_wconf 85' lang='lat' dir='ltr'>ex</span> <span class='ocrx_word' id='word_1_141' title='bbox 779 2623 892 2681; x_wconf 91' lang='lat' dir='ltr'>natura</span> <span class='ocrx_word' id='word_1_142' title='bbox 916 2621 1026 2690; x_wconf 84' lang='lat' dir='ltr'>status,</span> <span class='ocrx_word' id='word_1_143' title='bbox 1054 2633 1092 2678; x_wconf 84' lang='lat' dir='ltr'>ex</span> 
     </span>
     <span class='ocr_line' id='line_1_24' title="bbox 111 2713 1092 2796; baseline -0.006 -17"><span class='ocrx_word' id='word_1_144' title='bbox 111 2715 194 2779; x_wconf 87' lang='lat' dir='ltr'>votis</span> <span class='ocrx_word' id='word_1_145' title='bbox 208 2715 380 2796; x_wconf 88' lang='lat' dir='ltr'>perpetuis.</span> <span class='ocrx_word' id='word_1_146' title='bbox 394 2719 444 2779; x_wconf 76' lang='lat' dir='ltr'>Ad</span> <span class='ocrx_word' id='word_1_147' title='bbox 453 2719 517 2779; x_wconf 89' lang='lat' dir='ltr'>duo</span> <span class='ocrx_word' id='word_1_148' title='bbox 528 2714 718 2792; x_wconf 65' lang='lat' dir='ltr'>attenditur,</span> <span class='ocrx_word' id='word_1_149' title='bbox 730 2719 769 2780; x_wconf 91' lang='lat' dir='ltr'>ad</span> <span class='ocrx_word' id='word_1_150' title='bbox 780 2713 1047 2796; x_wconf 85' lang='lat' dir='ltr'>perseverantiam</span> <span class='ocrx_word' id='word_1_151' title='bbox 1058 2713 1092 2774; x_wconf 89' lang='lat' dir='ltr'>in</span> 
     </span>
     <span class='ocr_line' id='line_1_25' title="bbox 110 2809 1088 2895; baseline -0.002 -19"><span class='ocrx_word' id='word_1_152' title='bbox 110 2821 196 2876; x_wconf 88' lang='lat' dir='ltr'>statu</span> <span class='ocrx_word' id='word_1_153' title='bbox 207 2815 367 2894; x_wconf 81' lang='lat' dir='ltr'>religioso,</span> <span class='ocrx_word' id='word_1_154' title='bbox 381 2817 694 2895; x_wconf 86' lang='lat' dir='ltr'>adperseverantiam</span> <span class='ocrx_word' id='word_1_155' title='bbox 704 2815 736 2876; x_wconf 91' lang='lat' dir='ltr'>in</span> <span class='ocrx_word' id='word_1_156' title='bbox 746 2815 858 2879; x_wconf 90' lang='lat' dir='ltr'>ordine</span> <span class='ocrx_word' id='word_1_157' title='bbox 872 2809 1088 2894; x_wconf 88' lang='lat' dir='ltr'>professionis.</span> 
     </span>
    </p>
   </div>
   <div class='ocr_carea' id='block_1_8' title="bbox 108 2921 1092 3402">
    <p class='ocr_par' dir='ltr' id='par_1_9' title="bbox 108 2921 1092 3402">
     <span class='ocr_line' id='line_1_26' title="bbox 151 2921 1091 3010; baseline -0.006 -23"><span class='ocrx_word' id='word_1_158' title='bbox 151 2928 176 2988; x_wconf 87' lang='grc' dir='ltr'>Ι.</span> <span class='ocrx_word' id='word_1_159' title='bbox 197 2925 355 3006; x_wconf 86' lang='lat' dir='ltr'>Obligatio</span> <span class='ocrx_word' id='word_1_160' title='bbox 367 2926 501 2989; x_wconf 90' lang='lat' dir='ltr'>violatur</span> <span class='ocrx_word' id='word_1_161' title='bbox 515 2930 660 3010; x_wconf 84' lang='lat' dir='ltr'>apostasia</span> <span class='ocrx_word' id='word_1_162' title='bbox 672 2934 703 2990; x_wconf 87' lang='lat' dir='ltr'>et</span> <span class='ocrx_word' id='word_1_163' title='bbox 714 2928 798 3010; x_wconf 77' lang='lat' dir='ltr'>sapa.</span> <span class='ocrx_word' id='word_1_164' title='bbox 811 2922 977 3004; x_wconf 89' lang='lat' dir='ltr'>Apostasia</span> <span class='ocrx_word' id='word_1_165' title='bbox 989 2941 1007 2983; x_wconf 93' lang='lat' dir='ltr'>a</span> <span class='ocrx_word' id='word_1_166' title='bbox 1020 2921 1091 2983; x_wconf 79' lang='lat' dir='ltr'>reli-</span> 
     </span>
     <span class='ocr_line' id='line_1_27' title="bbox 114 3020 1089 3107; baseline -0.009 -17"><span class='ocrx_word' id='word_1_167' title='bbox 114 3027 208 3107; x_wconf 76' lang='lat' dir='ltr'>gione</span> <span class='ocrx_word' id='word_1_168' title='bbox 224 3033 272 3090; x_wconf 91' lang='lat' dir='ltr'>est</span> <span class='ocrx_word' id='word_1_169' title='bbox 286 3027 458 3091; x_wconf 90' lang='lat' dir='ltr'>criminosa</span> <span class='ocrx_word' id='word_1_170' title='bbox 472 3027 623 3091; x_wconf 88' lang='lat' dir='ltr'>discessio</span> <span class='ocrx_word' id='word_1_171' title='bbox 641 3046 716 3090; x_wconf 89' lang='lat' dir='ltr'>eum</span> <span class='ocrx_word' id='word_1_172' title='bbox 731 3025 837 3088; x_wconf 91' lang='lat' dir='ltr'>animo</span> <span class='ocrx_word' id='word_1_173' title='bbox 858 3041 922 3084; x_wconf 90' lang='lat' dir='ltr'>non</span> <span class='ocrx_word' id='word_1_174' title='bbox 935 3020 1089 3082; x_wconf 86' lang='lat' dir='ltr'>redeundi</span> 
     </span>
     <span class='ocr_line' id='line_1_28' title="bbox 113 3119 1092 3206; baseline -0.005 -20"><span class='ocrx_word' id='word_1_175' title='bbox 113 3126 153 3186; x_wconf 92' lang='lat' dir='ltr'>ad</span> <span class='ocrx_word' id='word_1_176' title='bbox 170 3127 314 3206; x_wconf 85' lang='lat' dir='ltr'>regulare</span> <span class='ocrx_word' id='word_1_177' title='bbox 328 3124 521 3188; x_wconf 88' lang='lat' dir='ltr'>institutum.</span> <span class='ocrx_word' id='word_1_178' title='bbox 540 3125 674 3206; x_wconf 76' lang='lat' dir='ltr'>Fugitivi</span> <span class='ocrx_word' id='word_1_179' title='bbox 689 3124 837 3186; x_wconf 90' lang='lat' dir='ltr'>dicuntur</span> <span class='ocrx_word' id='word_1_180' title='bbox 850 3121 905 3202; x_wconf 89' lang='lat' dir='ltr'>qui</span> <span class='ocrx_word' id='word_1_181' title='bbox 923 3119 1092 3182; x_wconf 88' lang='lat' dir='ltr'>discedunt</span> 
     </span>
     <span class='ocr_line' id='line_1_29' title="bbox 112 3219 1087 3304; baseline -0.007 -19"><span class='ocrx_word' id='word_1_182' title='bbox 112 3241 187 3285; x_wconf 91' lang='lat' dir='ltr'>cum</span> <span class='ocrx_word' id='word_1_183' title='bbox 207 3223 315 3286; x_wconf 88' lang='lat' dir='ltr'>animo</span> <span class='ocrx_word' id='word_1_184' title='bbox 337 3224 530 3299; x_wconf 82' lang='lat' dir='ltr'>revertendi3</span> <span class='ocrx_word' id='word_1_185' title='bbox 548 3224 699 3304; x_wconf 87' lang='lat' dir='ltr'>apostatis</span> <span class='ocrx_word' id='word_1_186' title='bbox 715 3223 747 3283; x_wconf 90' lang='lat' dir='ltr'>in</span> <span class='ocrx_word' id='word_1_187' title='bbox 759 3224 830 3303; x_wconf 79' lang='lat' dir='ltr'>J&#39;ure</span> <span class='ocrx_word' id='word_1_188' title='bbox 843 3219 1087 3300; x_wconf 72' lang='lat' dir='ltr'>aequiparentur.</span> 
     </span>
     <span class='ocr_line' id='line_1_30' title="bbox 108 3311 1090 3402; baseline -0.012 -17"><span class='ocrx_word' id='word_1_189' title='bbox 108 3355 151 3369; x_wconf 90' lang='lat'>-</span> <span class='ocrx_word' id='word_1_190' title='bbox 168 3326 324 3402; x_wconf 71' lang='lat' dir='ltr'>apostata</span> <span class='ocrx_word' id='word_1_191' title='bbox 338 3324 384 3385; x_wconf 88' lang='lat' dir='ltr'>vel</span> <span class='ocrx_word' id='word_1_192' title='bbox 409 3321 558 3402; x_wconf 80' lang='lat' dir='ltr'>fugitivus</span> <span class='ocrx_word' id='word_1_193' title='bbox 578 3319 937 3386; x_wconf 88' lang='lat' dir='ltr'>excommunicationem</span> <span class='ocrx_word' id='word_1_194' title='bbox 956 3311 1090 3378; x_wconf 87' lang='lat' dir='ltr'>incurrit</span> 
     </span>
    </p>
   </div>
   <div class='ocr_carea' id='block_1_9' title="bbox 112 3499 1088 3654">
    <p class='ocr_par' dir='ltr' id='par_1_10' title="bbox 112 3499 1088 3654">
     <span class='ocr_line' id='line_1_31' title="bbox 144 3499 1088 3572; baseline -0.001 -11"><span class='ocrx_word' id='word_1_195' title='bbox 144 3511 176 3572; x_wconf 82' lang='lat' dir='ltr'>(t)</span> <span class='ocrx_word' id='word_1_196' title='bbox 190 3508 420 3572; x_wconf 78' lang='lat' dir='ltr'>Sobmalzgrueber,</span> <span class='ocrx_word' id='word_1_197' title='bbox 432 3508 478 3558; x_wconf 76' lang='lat' dir='ltr'>las</span> <span class='ocrx_word' id='word_1_198' title='bbox 493 3509 695 3568; x_wconf 70' lang='lat' dir='ltr'>ecclesiasticam.</span> <span class='ocrx_word' id='word_1_199' title='bbox 705 3508 749 3559; x_wconf 89' lang='lat' dir='ltr'>lib.</span> <span class='ocrx_word' id='word_1_200' title='bbox 763 3507 807 3571; x_wconf 92' lang='lat' dir='ltr'>Ill,</span> <span class='ocrx_word' id='word_1_201' title='bbox 820 3508 861 3558; x_wconf 89' lang='lat' dir='ltr'>tit.</span> <span class='ocrx_word' id='word_1_202' title='bbox 873 3518 942 3556; x_wconf 76' lang='lat' dir='ltr'>xxxi.</span> <span class='ocrx_word' id='word_1_203' title='bbox 957 3529 988 3542; x_wconf 87' lang='lat'>-·</span> <span class='ocrx_word' id='word_1_204' title='bbox 1001 3499 1088 3559; x_wconf 67' lang='lat' dir='ltr'>Bouixr</span> 
     </span>
     <span class='ocr_line' id='line_1_32' title="bbox 112 3589 568 3654; baseline 0.004 -16"><span class='ocrx_word' id='word_1_205' title='bbox 112 3589 143 3638; x_wconf 84' lang='lat' dir='ltr'>de</span> <span class='ocrx_word' id='word_1_206' title='bbox 152 3589 332 3654; x_wconf 72' lang='lat' dir='ltr'>depuleribus,</span> <span class='ocrx_word' id='word_1_207' title='bbox 343 3604 401 3652; x_wconf 82' lang='lat' dir='ltr'>pars</span> <span class='ocrx_word' id='word_1_208' title='bbox 416 3589 456 3652; x_wconf 82' lang='lat' dir='ltr'>vl,</span> <span class='ocrx_word' id='word_1_209' title='bbox 466 3597 529 3642; x_wconf 81' lang='lat' dir='ltr'>sect.</span> <span class='ocrx_word' id='word_1_210' title='bbox 543 3593 568 3641; x_wconf 84' lang='lat' dir='ltr'>l.</span> 
     </span>
    </p>
   </div>
   <div class='ocr_carea' id='block_1_10' title="bbox 0 0 1302 4286">
    <p class='ocr_par' dir='ltr' id='par_1_11' title="bbox 0 0 1302 4286">
     <span class='ocr_line' id='line_1_33' title="bbox 0 0 1302 4286; baseline 0 2"><span class='ocrx_word' id='word_1_211' title='bbox 0 0 1302 4286; x_wconf 95' lang='lat' dir='ltr'> </span> 
     </span>
    </p>
   </div>
  </div>
 </body>
</html>
