2594 4286
185 249 218 295 80
351 245 508 293 EXPOSITIO
529 241 706 294 flutuantes
724 242 808 290 tuuis
829 241 986 291 cauoulcr.

183 366 420 449 prohibitorum
432 363 679 439 conficiendum,
701 379 798 442 quem
821 361 895 423 Pius
909 363 949 426 IV
974 358 1168 442 approbavit

186 473 217 529 et
229 461 450 546 promulgavit.

335 661 365 713 ΙΙ.
380 687 412 699 -
425 659 563 722 Disciplina
572 658 688 710 Ecclesia
700 657 768 709 circa
777 659 852 710 libros
863 655 1007 721 prohibitos

222 812 247 865 i.
264 807 361 874 Qualis
375 804 413 863 sit
424 805 580 864 auctoritas
590 803 701 860 Indicis.

219 900 246 952 2.
265 897 375 964 Quibus
388 895 519 970 partibus
533 895 652 951 constet.

450 1076 474 1125 1.
498 1073 585 1134 Qualis
599 1075 632 1124 sit
644 1071 781 1125 auctoritas
793 1069 896 1122 Iudicis.

224 1218 248 1280 l.
268 1215 437 1310 ludaeorum
448 1215 508 1278 suo
525 1215 635 1297 reputas
652 1209 739 1277 c'Pc‘o
757 1213 805 1277 IV
821 1213 978 1276 tabernac
1000 1210 1164 1298 obliqnndi.
1230 1257 1238 1268 .

226 1315 263 1375 ld
289 1313 490 1376 manifestum
520 1319 569 1375 est
601 1331 639 1374 ex
659 1314 750 1375 Bulla
768 1311 886 1375 Indicis
909 1310 1166 1374 oonfirmatoria:

192 1415 321 1491 «Ipsum
343 1412 495 1487 indicem,
511 1429 573 1472 una
587 1428 661 1473 oum
672 1409 788 1491 regulis
809 1411 838 1471 ei
854 1409 1035 1489 praepositis
1049 1417 1167 1472 auoto-

187 1511 280 1573 ritate
291 1509 465 1589 apostoliea
479 1509 706 1589 approbamus
722 1508 930 1588 imprimique
941 1525 980 1568 ao
994 1507 1165 1585 divulgari,

189 1613 220 1670 et
232 1608 271 1669 ab
288 1607 436 1669 omnihus
447 1607 566 1686 ubique
589 1608 718 1686 suscipi,
733 1623 849 1686 easque
866 1607 990 1686 regulas
1003 1605 1169 1667 observari

188 1707 377 1768 mandamus
402 1711 496 1785 atque
512 1707 724 1768 decernimus.
742 1703 924 1767 Inhibentes
939 1693 1083 1784 singulis,
1097 1708 1170 1764 tam

187 1803 409 1867 ecclesiasticis
433 1805 577 1884 personis
604 1821 700 1885 quam
721 1803 873 1874 lucisne
902 1803 973 1885 quis
989 1806 1170 1864 contraea-

186 1920 257 1965 rum
279 1902 450 1983 copularum
464 1902 697 1983 praesoriptum,
714 1907 768 1963 aut
789 1900 887 1980 ipsius
914 1898 1170 1979 prohibitionem

187 2001 306 2076 Indua,
324 1998 422 2080 libros
449 2001 531 2062 ullos
542 2001 648 2079 legere
662 1999 818 2061 habereve
835 1993 955 2060 'audeat
969 1998 1023 2079 (i).
1040 2019 1054 2056 n

227 2100 264 2161 11.
286 2097 468 2179 Besutnntnr
470 2105 639 2179 praetextus
652 2097 767 2177 quibus
779 2095 961 2159 innituntur
970 2092 1087 2157 Indicis
1107 2094 1170 2155 ad·
1228 2163 1230 2166 ¹

187 2197 329 2259 versarii.
410 2248 412 2252 .
867 2186 870 2191 ’

229 2299 262 2358 t.
278 2293 759 2377 Indeoenoodcbuitinprooinec'is
778 2292 976 2376 promulgari,
999 2300 1034 2352 ut
1055 2291 1171 2372 obliqu-

189 2395 294 2456 tc'onem
317 2393 475 2456 induceret.
498 2395 624 2462 Etenim
640 2395 678 2455 R.
703 2393 849 2454 Pontifex
862 2397 966 2470 potest
990 2392 1171 2452 suavolun-

189 2493 407 2566 ramesmere,
423 2496 458 2553 ut
472 2493 523 2553 tex
538 2509 603 2566 sua,
618 2494 727 2553 Romae
744 2491 956 2570 promulgata,
973 2488 1093 2568 ubique
1105 2495 1171 2551 ter·

189 2583 298 2651 rarum
320 2589 468 2664 effectum
491 2590 650 2651 sortiatur.
667 2589 764 2669 Atqui
785 2590 902 2668 regulae
921 2589 1037 2652 Indicis
1058 2591 1171 2651 itomae

190 2688 399 2767 promulgata
420 2689 548 2750 fuerunt
570 2705 644 2750 oum
665 2689 788 2768 adJ'eota
807 2689 957 2765 clausula,
972 2706 1043 2768 quac
1063 2704 1172 2750 neccs-

191 2785 314 2848 sitatem
329 2786 593 2865 promulgationis
606 2786 809 2866 provincialis
820 2789 980 2850 excludit:
999 2789 1100 2862 «Noa,
1113 2803 1172 2866 per

190 2884 272 2946 hano
292 2884 557 2964 publicationem,
575 2903 685 2947 omnes
700 2890 731 2947 et
745 2886 896 2966 singulos,
914 2887 967 2966 qui
987 2885 1037 2948 his
1058 2880 1172 2948 litteris

192 2982 520 3060 comprehenduntur,
536 2985 683 3044 volumus
706 2985 840 3063 perinde
855 2965 1012 3066 obligatos
1035 3001 1114 3060 esse,
1132 3001 1170 3046 ac

193 3078 219 3138 si
233 3079 379 3156 ipsismet
394 3081 457 3142 illae
472 3082 567 3143 editae
580 3082 733 3164 lectasque
749 3083 881 3144 fuissent
891 3082 974 3163 (its

233 3179 263 3236 2.
287 3175 412 3239 Iudicem
433 3179 463 3239 in
486 3178 581 3242 Gallio
595 3188 624 3240 et
637 3180 667 3241 in
681 3181 793 3242 crateris
810 3180 974 3262 ropionibus
988 3190 1169 3261 receperunt,

195 3291 259 3334 non
276 3275 408 3353 quidem
423 3276 541 3356 ubique
557 3278 756 3357 magistratus
767 3279 885 3356 civiles,
901 3279 956 3342 sed
970 3278 1121 3358 Episcopi
1138 3279 1172 3341 in
1189 3359 1193 3364 Ι

196 3372 341 3435 conciliis
355 3374 612 3452 provincialibus.
954 3395 957 3400 ·

225 3517 258 3578 (1)
273 3517 310 3567 Pii
321 3517 353 3566 IV
366 3525 444 3569 const.
456 3519 686 3586 Domim'oiprepp'n.

230 3599 262 3658 (t)
276 3596 313 3646 Pii
324 3598 355 3649 iv
370 3599 441 3648 Bulla
456 3597 553 3650 indicis
566 3599 755 3653 confirmatoria.
