2604 4264
469 336 543 382 PARS
564 335 729 382 sauciatis.
1035 337 1087 383 tlt

105 453 255 533 perditur
276 451 486 515 consecratio.
513 452 603 514 Idem
629 449 802 514 dicendum
824 458 882 529 ost,
908 454 934 515 si
958 453 1091 517 inferior

103 557 216 615 crusta
230 569 288 633 per
301 556 407 632 partes
417 551 558 612 minores
571 550 724 629 paulatim
736 550 907 613 reficiatur.

118 700 125 709 ,
151 649 305 712 Similiter
331 649 458 727 quando
483 648 618 711 ecclesia
638 647 866 728 amplificatur,
891 648 935 710 ita
954 655 989 712 ut
1010 667 1091 712 nova

107 763 183 825 pars
198 745 304 809 addita
320 749 361 808 sit
378 747 495 822 minor,
511 764 576 809 non
591 764 671 825 opus
685 752 732 808 est
745 764 826 808 nova
839 746 1087 810 consecratione.

103 844 198 906 Tunc
217 843 420 907 laudabiliter
439 862 520 907 nova
537 862 609 924 pars
620 845 799 924 aspergitur
814 862 896 924 aqua
909 845 1088 908 benedicta.

346 1046 373 1092 2.
390 1043 491 1102 Quibus·
497 1043 596 1093 casibus
607 1042 712 1093 ecclesia
724 1042 862 1103 polluatur.

150 1180 306 1244 Polluitur
333 1183 467 1246 ecclesia
481 1201 540 1265 per
560 1187 714 1263 quasdam
739 1185 883 1246 actiones
906 1185 978 1247 loco
1002 1202 1091 1247 sacro

107 1277 288 1356 injuriosas,
308 1281 348 1341 oh
363 1299 440 1359 quas
459 1282 624 1344 communi
642 1281 854 1345 aestimatione
868 1299 933 1342 non
953 1283 1045 1344 decet
1058 1283 1091 1343 in

105 1394 148 1438 ea
160 1378 302 1439 divinum
313 1379 455 1440 officium
468 1380 593 1455 offerre,
609 1385 781 1460 antequam
791 1378 1029 1440 reconcilietur.

149 1475 173 1534 I.
190 1476 334 1538 Ecclesia
352 1477 493 1556 quinque
517 1477 644 1540 casibus
667 1477 845 1558 polluitur:
868 1480 896 1539 l.
923 1476 1091 1554 Sepultura

105 1573 263 1636 infidelis.

150 1676 181 1732 2.
197 1673 366 1750 Sepultura
382 1673 485 1734 fidelis
501 1671 768 1734 excommunicati
785 1670 913 1733 vitandi.

146 1771 180 1830 3.
197 1759 380 1832 Homicidio
399 1767 575 1832 uoluntario
593 1774 626 1831 et
639 1769 758 1849 injusto
775 1767 858 1830 intra
872 1769 973 1846 ipsam
990 1768 1092 1830 ecole-

105 1864 189 1926 siam
203 1871 399 1944 perpetrato.
1115 1878 1122 1952 J

148 1966 179 2023 l.
204 1964 295 2024 Gravi
315 1965 445 2026 vulnere
462 1965 495 2025 in
515 1964 571 2026 illa
592 1977 667 2026 cum
689 1963 851 2043 sanguinis
872 1962 1024 2024 effusione
1046 1960 1093 2020 in·

109 2059 214 2121 tlicto.

150 2161 180 2218 5.
206 2158 440 2231 Fornicatione‚
461 2161 509 2221 vel
527 2160 588 2220 alia
607 2159 784 2222 voluntaria
806 2156 935 2220 seminis
960 2154 1091 2216 humani

110 2255 265 2318 effusione
279 2257 364 2318 intra
377 2258 479 2337 ipsam
493 2257 663 2319 ecclesiam
678 2259 772 2331 lacta,
787 2256 885 2318 modo
901 2254 941 2316 sit
952 2252 1090 2314 notoria.

149 2355 189 2424 ll.
206 2357 304 2416 Actus
318 2353 474 2418 inducens
498 2355 712 2434 pollutionem
736 2353 880 2416 ecclesiae
905 2351 1001 2413 dehet
1024 2367 1091 2413 esse

108 2448 259 2527 publicus
272 2452 465 2514 notorietate
485 2451 566 2530 juris
589 2455 642 2512 aut
665 2449 751 2512 lacti.
770 2449 862 2511 Ratio
877 2453 935 2523 est,
961 2446 1035 2526 quia
1058 2447 1091 2506 in
1115 2441 1121 2460 ³

107 2545 238 2608 casibus
250 2548 384 2610 occultis
395 2547 531 2610 ecclesia
543 2563 633 2608 suam
643 2546 760 2609 honam
771 2545 888 2608 famam
901 2544 1028 2606 retinet.

149 2642 231 2704 Aliis
257 2644 447 2706 criminibus·
469 2645 606 2707 ecclesia
620 2659 693 2706 non
719 2642 883 2722 polluitur.
902 2641 982 2702 Hinc
1005 2636 1090 2699 illius

109 2740 268 2802 desolatio
285 2760 340 2805 scu
356 2741 520 2805 conversio
535 2743 575 2802 ad
589 2760 663 2802 usus
675 2741 835 2821 profanos,
851 2758 879 2800 v.
901 2755 930 2816 g.
948 2741 1092 2811 tempore

108 2835 198 2912 belli,
216 2855 287 2899 eam
306 2858 373 2901 nou
388 2842 495 2903 violat.
510 2843 630 2904 Verum
645 2857 683 2900 ex
698 2836 878 2917 praxiteles
894 2831 1037 2896 ecclesiae
1051 2831 1091 2892 ad

107 2937 271 2998 cautelam
287 2937 547 3002 reconciliantur.

339 3128 363 3174 3.
379 3123 507 3183 Quomodo
519 3121 624 3172 ecclesia
636 3119 670 3170 sit
681 3115 872 3169 reconciliando.

148 3266 416 3346 Distinguendum
448 3271 496 3328 est
518 3266 602 3327 inter
626 3263 795 3326 ecclesiam
820 3265 1038 3322 consecratam
1062 3266 1094 3322 et

107 3365 326 3429 benedictam.
556 3431 559 3436 ,

150 3462 383 3525 Reconciliatio
402 3461 546 3523 ecclesiae
562 3462 755 3522 consecratae
769 3456 897 3520 nonnisi
921 3472 978 3534 per
1001 3454 1093 3534 Epis-

107 3575 229 3638 copum
239 3559 429 3638 regulariter
441 3559 510 3620 fieri
520 3562 636 3637 potest,
653 3573 758 3634 neque
772 3556 811 3616 ab
824 3553 984 3632 Episcopo
993 3568 1093 3614 sacer·

109 3656 238 3719 dotibus
254 3658 419 3736 delegatur
433 3655 495 3716 nisi
508 3672 547 3717 ex
556 3655 683 3717 indulto
696 3655 734 3715 It.
750 3650 924 3715 Pontificis.
