2590 4262
461 331 534 376 PARS
557 330 720 377 saumatis·

504 551 633 612 CAPUT
655 552 682 610 ΙΙ

413 735 463 783 lle
479 735 585 794 poento
601 735 637 783 iu
652 737 771 794 speeie.

138 906 209 959 Anr.
228 905 249 959 Ι.
271 892 313 958 De
329 901 469 957 censuris.

138 989 208 1042 Aur.
227 987 260 1042 ll.
275 987 313 1040 De
329 985 422 1057 poenis
439 983 632 1040 vindicativis.

449 1199 704 1255 ARTICULUS
725 1201 739 1255 1

498 1372 530 1410 bu
548 1371 683 1412 eiuscius.

354 1544 505 1594 Prooemium
517 1545 547 1594 de
564 1543 676 1595 censuris
687 1543 833 1605 generatim.

143 1705 168 1765 l.
192 1701 327 1763 Censura
344 1702 486 1784 definitio.
502 1735 541 1748 —
556 1704 692 1764 Censura
719 1704 868 1765 delinitur
881 1723 967 1784 pana
994 1707 1084 1786 spiri-

104 1801 193 1862 tualis
212 1809 242 1861 et
262 1800 449 1876 medicinalis,
474 1819 533 1881 qua
553 1809 679 1880 potestas
699 1799 888 1862 ecelesiastica
911 1801 1009 1882 fideles
1026 1803 1086 1864 sibi

98 1897 236 1974 subditos,
247 1907 374 1978 propter
400 1897 538 1959 delictum
558 1905 587 1958 et
604 1898 813 1958 contumaciam
825 1898 926 1978 privat
942 1919 997 1960 usu
1008 1920 1082 1981 quo·

101 1996 237 2058 rumdam
258 1996 396 2058 bonorum
410 1996 626 2077 spiritualium,
661 2003 694 2055 ut
714 1997 922 2058 acontumacia
934 1998 1079 2060 recedant.

139 2095 289 2156 Definitio
302 2095 368 2172 jam
391 2093 579 2173 intelligitur
594 2111 632 2154 ex
655 2093 843 2154 notionibus
857 2094 1025 2173 propositis
1041 2078 1080 2158 de

101 2193 202 2271 poenis
223 2191 261 2250 in
286 2209 411 2269 genere.
439 2193 484 2252 Ex
509 2190 563 2251 illa
584 2191 729 2265 infertur,
762 2209 909 2253 censuras
934 2193 1076 2256 medium

102 2291 211 2351 lacum
230 2294 337 2350 tenere
359 2287 440 2350 inter
460 2289 661 2367 paenitentias
689 2294 720 2351 et
738 2309 847 2368 paenas
862 2291 1075 2355 vindicativas.

141 2387 263 2450 Dicitur
291 2391 322 2448 1⁰
340 2406 426 2468 pauo
445 2385 620 2468 spiritualis,
638 2387 711 2466 quia
726 2405 858 2450 censura
877 2389 998 2452 directe
1011 2391 1080 2452 ani·

104 2501 191 2546 mam
205 2485 314 2561 aflicit,
330 2489 361 2546 et
372 2484 609 2562 delinquentem
622 2483 774 2562 primario
786 2486 889 2562 privat
901 2486 1079 2548 actionibus

102 2582 332 2660 spiritualibus,
358 2583 499 2661 quamvis
514 2582 610 2644 etiam
632 2579 723 2643 banis
737 2583 965 2662 temporalibus
979 2601 1080 2661 quan-

19 2721 20 2730 η
102 2680 335 2762 doqueprivet.

141 2777 265 2844 Dicitur
278 2781 310 2838 2⁰
316 2778 422 2858 privat
430 2797 484 2838 usu
501 2777 640 2838 bonorum
653 2777 846 2858 quorumdam
859 2775 1061 2857 spiritualium
1068 2795 1081 2852 ,·

103 2891 237 2935 censura
261 2875 345 2935 enim
370 2874 469 2953 privat
490 2893 555 2936 nan
578 2875 707 2952 quidem
728 2874 819 2936 bonis
841 2871 985 2947 internis,
1009 2891 1080 2950 quae

102 2972 253 3048 potestati
271 2971 421 3033 Ecclesiae
444 2990 509 3033 nnn
523 2972 744 3050 subjiciuntur,
764 2973 818 3032 sed
835 2969 927 3030 bonis
945 2969 1082 3030 externis

104 3086 241 3145 quornm
270 3066 462 3146 dispensatio
485 3067 637 3130 Ecclesia
668 3068 837 3130 commissa
861 3071 919 3140 est,
944 3066 990 3127 uti
1010 3071 1082 3129 sunt

20 3197 21 3200 =
103 3169 310 3239 sacramenta,
328 3164 531 3238 sacrificium,
552 3163 656 3224 cilicia
670 3164 785 3238 divina,
802 3160 952 3224 Ecclesiae
966 3164 1079 3223 suffra-

102 3263 153 3340 gia
165 3269 197 3326 et
208 3265 383 3342 generatim
400 3269 529 3324 externa
544 3261 727 3323 communio
740 3263 937 3324 Sanctorum.

140 3362 265 3424 Dicitur
287 3365 319 3424 3ο
335 3381 421 3444 pano
444 3358 639 3437 medicinalis,
659 3359 748 3421 donec
767 3380 785 3420 a
807 3359 984 3420 contumacia
1006 3379 1082 3420 rece·
1132 3390 1133 3393 ¹

102 3457 180 3520 daut.
199 3461 365 3540 Praecipua
388 3477 529 3522 censurae
544 3462 630 3532 ncta,
648 3475 705 3535 per
717 3474 812 3536 qnam
826 3475 843 3517 a
858 3456 959 3536 poenis
976 3456 1081 3518 vindi-

101 3560 208 3622 cativis
224 3559 440 3639 distinguitur,
456 3576 492 3620 ea
505 3561 562 3632 est,
586 3557 674 3619 utsii
689 3555 898 3630 medicinalis,
917 3557 949 3629 id
970 3561 1027 3630 est,
1044 3559 1080 3616 ut

101 3670 138 3715 ex
153 3658 215 3718 fine
229 3675 285 3718 suo
298 3653 443 3718 intendat
457 3653 655 3716 sanationem
670 3652 900 3731 delinquentis;
920 3653 996 3713 inde
1009 3649 1078 3711 col·
