2618 4252
8 3441 11 3554 l

8 3673 10 3734 l

8 3735 15 4058 l

496 299 578 344 rans
603 301 766 348 saucians.
1069 303 1121 350 ars

319 431 353 474 re
371 417 581 495 protegendi
597 419 713 479 Sedern
735 419 954 499 Apostolicam
975 427 1006 482 et
1021 419 1130 483 Chris-1

421 612 461 674 *ti
498 613 689 691 dignitatem
715 614 913 692 imperialem
938 634 956 677 a
983 618 1122 680 Summis

474 711 620 791 cipiunt,
634 712 695 773 nisi
706 713 793 791 prius
805 714 953 776 emittant
962 707 1122 795 J'uramen·

513 811 656 871 *anetam
673 811 800 872 Sedem.
822 813 908 873 Hanc
934 813 1122 892 dignitatem

565 907 681 968 *terunt
696 908 735 967 ad
754 907 916 986 principes
937 911 1119 982 Germanos,

605 1023 634 1066 rs
643 1007 744 1085 usquc
756 1007 796 1066 ad
809 1008 956 1068 carolum
970 1009 996 1069 V
1012 1009 1121 1070 Romae

690 1205 812 1262 tantum
834 1201 967 1281 singula
988 1220 1123 1281 agnove-

495 1287 542 1368 ⁴<-
730 1315 831 1374 mem,
857 1306 1012 1378 qnatenus
1038 1305 1122 1379 apud

775 1397 782 1431 ³
808 1414 822 1456 s
845 1396 973 1502 publica
995 1397 1123 1461 violatio

801 1494 897 1556 etiam
922 1497 1123 1574 exipsorum

734 1609 792 1652 ana
805 1607 861 1653 seu
875 1590 1095 1654 Christz'ooitos.

675 1693 722 1750 est
741 1689 875 1751 societas
890 1689 1056 1752 nationum
1070 1707 1124 1751 ca-

574 1798 677 1843 onum
686 1800 757 1862 quae
775 1783 936 1844 socialiter
949 1791 1124 1862 agnoscunt

446 1892 453 1903 ·
468 1877 701 1942 ‹actoritatem
716 1880 826 1942 Differt
843 1881 883 1941 ab
897 1879 1039 1942 Ecclesia
1053 1899 1123 1960 quae

268 2050 278 2067 Ι
316 1977 548 2051 Λῑωοεείὴυε
561 1983 697 2053 constat,
722 1979 799 2039 dum
821 1979 1005 2040 ethnarchia
1024 1979 1123 2040 obris-

216 2058 307 2164 ³1³¹(
316 2077 458 2139 societas
480 2077 744 2140 internetionalis.
768 2077 843 2156 Ejus
863 2077 1055 2156 principium
1079 2083 1125 2140 est

148 2173 246 2250 argio
261 2175 494 2236 communis-et
505 2174 705 2237 inviolabilia.
868 2249 870 2253 ι

170 2273 202 2330 E.
230 2273 470 2334 Christianitati
491 2270 607 2350 p'raeest
631 2273 747 2351 duplex
773 2273 935 2332 auctoritas
962 2272 1121 2346 distincta,

133 2365 287 2430 uidelicet
308 2369 503 2448 temporalis
526 2374 557 2430 et
581 2366 763 2446 spiritualis,
780 2368 938 2446 siquidem
967 2368 1124 2448 ejusmodi

135 2462 274 2525 societas
287 2472 336 2528 est
354 2467 453 2526 mixta
468 2464 588 2543 duplici
602 2464 713 2526 ordine
726 2463 789 2527 sive
799 2465 934 2527 'naturali
944 2464 1007 2527 sive
1017 2483 1126 2544 super-

136 2561 285 2639 naturali,
302 2581 362 2625 seu
376 2567 501 2624 constat
520 2563 615 2623 simul
629 2562 771 2626 Ecclesia
785 2569 817 2624 et
830 2561 1023 2624 nationibus.

178 2658 310 2722 Jndioia
320 2662 467 2723 feruntur
479 2659 519 2722 ah
533 2662 711 2722 auctoritate
723 2661 885 2742 spirituali,
901 2660 952 2722 cui
968 2664 1125 2738 tempora-

139 2754 179 2816 lis
198 2758 375 2821 auctoritas
396 2757 637 2820 Christianitatis
656 2759 866 2821 essentialiter
886 2757 1123 2819 subordinatur.
1208 2827 1214 2850 Ι
1236 2760 1239 2768 '

140 2853 273 2917 Etenim
286 2857 381 2936 hujus
395 2855 556 2918 societatis
568 2855 730 2916 vinculum
745 2859 793 2916 cst
807 2853 988 2915 communis
1003 2857 1081 2916 fides
1095 2859 1126 2917 et

142 2958 292 3031 suscepta
313 2954 467 3033 obligatio
483 2951 670 3032 protegendi
684 2950 870 3013 Ecclesiam.
891 2953 988 3030 Atqui
1004 2953 1042 3012 ad
1065 2969 1125 3030 po·
1221 3023 1225 3036 ¹

143 3051 296 3113 testatem
314 3054 512 3133 spiritualem
533 3050 670 3129 pertinet
688 3048 819 3110 delinire
837 3050 914 3128 quid
937 3051 1026 3124 fides,
1048 3050 1124 3129 qnid

142 3146 297 3212 Ecclesiae
311 3151 432 3211 bonum
448 3147 487 3209 ab
503 3145 687 3209 ethnarchia
702 3144 873 3206 christiana
890 3148 1039 3226 postulet.
1063 3149 1125 3208 lta-

141 3260 206 3320 que
220 3247 372 3308 Snmmus
386 3241 533 3306 Pontifex
545 3241 727 3304 nationibus
741 3243 907 3305 catholicis
920 3244 1122 3322 praesidebat.

150 3381 153 3386 -
186 3342 430 3406 Christianitatis
443 3358 590 3420 suprema
598 3348 729 3422 potestus
742 3341 909 3422 temporalib
922 3342 1033 3420 nequit
1047 3339 1126 3402 resi-

144 3435 221 3499 dere
237 3440 270 3498 in
284 3439 429 3519 principe
448 3438 580 3517 infideli,
600 3439 650 3500 vel
664 3438 827 3515 heretico,
847 3439 896 3501 vel
911 3437 1123 3501 schismatico.

178 3638 212 3704 (1)
225 3643 338 3710 marchi,
354 3646 387 3695 lle
397 3645 423 3694 lo
433 3645 564 3709 puissonce
576 3645 770 3712 ecclesiastibus,
782 3645 826 3698 liv.
841 3647 870 3697 l.
