2594 4286
466 233 540 280 PARS
561 235 724 282 spectans.

452 458 670 514 ARTICULUS
689 459 733 514 111

431 623 465 662 DE
483 624 569 665 nom
587 625 756 665 sumsimus.

132 769 278 832 Mortem
292 771 494 833 christianam
504 773 564 834 alia
578 775 773 852 prseccdunt,
789 775 849 836 alia
864 774 1079 838 concomitan-

85 871 161 941 tur,
184 867 244 929 alia
266 867 512 948 subsequuntur.
539 870 629 931 Illam
647 871 800 949 praeoedit
814 877 882 933 tum
896 871 1034 934 visitatio
1048 875 1080 933 et

86 980 181 1024 cura
209 965 426 1043 infirmorum,
452 972 522 1028 tum
549 968 782 1030 administratio
810 976 1079 1031 sacramentorum
1144 981 1150 1006 ⁴

86 1062 312 1139 Paenitentia,
330 1064 444 1127 viatici
461 1070 493 1126 et
507 1067 664 1127 Extremae
677 1065 854 1126 Unctionis.
872 1068 949 1127 Eam
965 1083 1081 1128 conco·

88 1159 235 1221 mitetur
247 1162 481 1223 commendatio
500 1162 625 1224 animes.
643 1163 733 1223 lllam
754 1162 957 1241 subsequitur
970 1164 1079 1225 Eccle-

89 1257 156 1319 siae
169 1259 360 1333 sollicitudo,
378 1278 448 1338 quae
470 1259 591 1337 duplici
608 1261 703 1320 modo
730 1266 905 1350 exercetur,
931 1260 993 1322 sive
1006 1277 1079 1338 erga

91 1357 328 1418 defunctorum
339 1359 460 1419 animas
474 1357 636 1438 soffropiis,
651 1358 715 1420 sive
727 1375 801 1438 erga
821 1375 933 1421 eorum
945 1376 1079 1438 corpora

90 1451 271 1534 sepulturis.

135 1591 154 1654 ἓ
170 1591 196 1643 l.
211 1589 251 1643 Ite
267 1586 419 1660 suffragiis.
436 1589 438 1592 ’

135 1681 195 1743 ςῖ.
211 1679 250 1733 lie
265 1677 432 1749 sepulturis.

434 1867 527 1932 §1··-
541 1868 581 1962 ιιι,1
590 1869 741 1936 sumansu.

141 2023 275 2085 Animas
303 2024 526 2110 detunctorum
552 2025 699 2104 precihus
731 2025 901 2086 viventium
923 2024 1074 2104 adjuvari,

95 2121 260 2184 catholica
269 2121 409 2183 Ecclesia
421 2123 588 2200 profitetur
603 2122 655 2202 (l).

139 2219 208 2281 Etsi
223 2237 297 2280 sero
320 2237 385 2280 nou
412 2219 569 2280 defunctis
584 2220 743 2294 omnibus
767 2221 821 2282 sed
837 2221 940 2282 solum
955 2221 1005 2296 iis,
1022 2220 1076 2301 qai

92 2315 255 2378 leviorum
268 2316 437 2376 criminum
447 2317 517 2378 labe
532 2317 736 2379 decesserunt
745 2316 865 2392 inlecti,
876 2317 999 2396 prosint
1011 2337 1078 2380 ora-

94 2414 204 2476 tiones
217 2418 344 2488 nostrae‚
358 2419 465 2474 tamen
486 2414 639 2487 Ecclesia,
655 2413 728 2492 quia
740 2415 812 2476 illos
829 2432 894 2475 non
913 2415 1074 2490 disceruit,

95 2511 217 2572 merito
232 2529 290 2589 pro
305 2511 452 2572 omuibus
467 2517 545 2574 orat.
560 2513 596 2572 D.
614 2511 807 2590 Augustinus
819 2511 911 2573 nobis
927 2512 1075 2588 insinuat,

95 2608 138 2668 ad
155 2607 233 2686 quid
249 2608 424 2670 deserviant
437 2626 549 2686 preces
575 2614 704 2684 nostrae,
728 2627 802 2670 cum
818 2627 875 2689 pro
896 2609 946 2684 iis,
964 2609 1078 2687 quihus

95 2710 233 2784 prosunt
250 2712 304 2766 aut
330 2724 395 2767 non
417 2712 561 2785 prosunt,
581 2707 779 2769 offeruntur:
802 2728 816 2764 u
833 2701 1078 2790 Cum'sacrifioia

95 2822 157 2882 pro
173 2804 329 2864 defunctis
345 2804 494 2865 omnibus
508 2805 694 2880 offeruntur,
712 2823 770 2885 pro
793 2806 884 2865 valde
899 2803 993 2864 bouis
1009 2820 1079 2881 gra-

95 2902 214 2968 tiarum
229 2898 369 2964 actiones
382 2908 464 2980 sunt,
479 2921 615 2982 pronon
629 2904 718 2964 valde
735 2902 825 2962 malis
836 2898 1076 2980 propitiationes

96 3004 182 3076 suut,
193 3017 253 3078 pro
267 3003 357 3062 valde
367 3001 469 3073 malis,
488 3001 611 3062 etiamsi
624 3000 710 3061 nulla
723 3000 786 3059 sint
799 2997 980 3076 adjumenta
995 3014 1076 3057 mor-

99 3103 239 3174 tuorum,
251 3100 496 3180 qualescumque
508 3098 652 3159 vivorum
667 3094 903 3158 consolationes
910 3101 983 3157 suut
992 3093 1045 3176 (Ξ).
1056 3128 1071 3164 „

134 3251 160 3303 l.
177 3249 218 3304 De
232 3245 374 3316 sullragiis
386 3245 417 3300 in
431 3258 548 3316 genere.

131 3339 159 3393 2.
175 3335 215 3392 lle
232 3336 319 3392 variis
333 3334 476 3403 suffragiis
491 3331 708 3387 detunctorum.

123 3475 157 3564 (1)
168 3499 309 3550 Concilium
318 3496 499 3557 Tridentiuum,
508 3507 568 3545 sess.
585 3495 661 3558 XXV,
677 3495 806 3544 Decretum
820 3493 850 3545 de
868 3493 1031 3574 Purqalorio,

123 3586 159 3648 lt)
173 3581 202 3632 S.
220 3579 351 3640 Augustini
366 3579 409 3628 lib.
422 3577 453 3628 de
466 3576 533 3626 Cura
541 3589 592 3638 pro
607 3576 719 3626 mortuo.

55 4058 1058 4262 Am
