2590 4262
222 284 276 330 aso
390 282 549 330 exrosrrro
569 283 747 328 uaraomca
766 284 850 328 ruars
872 281 1034 328 canoram.

262 399 472 480 msangunur
486 401 616 462 haeresis
631 381 851 462 mercatam
866 398 1016 479 formato,
1029 397 1204 460 antemna
1262 401 1263 460 l

222 506 353 559 ceteram.
373 501 422 560 Ad
447 500 618 560 formalem
642 499 830 561 haereticum
852 495 1123 559 constituendum
1146 495 1204 555 tria
1262 493 1263 518 ³

223 595 420 674 conjunctim
435 583 650 676 requiruntur,
674 597 822 659 videlicet
836 595 869 656 in
886 596 1036 675 subjecto
1057 593 1203 672 baptismi
1262 605 1263 632 ³

223 693 392 772 susceptio,
410 692 443 754 in
455 694 619 756 intellectu
633 710 722 755 error
731 699 842 755 contra
854 693 961 767 tidem,
977 689 1163 770 pertinacia
1174 690 1202 749 in

223 789 395 852 voluntate.

263 901 312 961 Ad
326 901 474 962 haeresim
490 907 653 963 externam
680 901 766 980 quod
780 901 902 973 attinet,
919 897 1073 961 Ecclesia
1088 895 1203 975 judicat

223 1015 289 1059 non
301 998 404 1058 solum
417 999 538 1077 eosqui
552 999 719 1060 formalem
729 997 877 1060 haeresim
889 997 1088 1078 profitentur,
1103 1010 1203 1055 verum

225 1094 322 1156 etiam
335 1095 465 1156 haeresis
480 1095 622 1176 legitime
633 1105 787 1177 suspectos,
815 1101 846 1157 et
862 1093 1099 1156 haeretieorum
1113 1090 1204 1170 fauto-
1262 1151 1263 1154 ,

225 1209 271 1252 res
289 1192 347 1271 (l).

263 1304 350 1364 Inter
363 1301 504 1364 remedia
519 1301 632 1378 quihus
647 1303 791 1364 Ecclesia
799 1304 901 1364 utitur
913 1307 1029 1363 contra
1045 1298 1199 1373 haeresim,

225 1405 340 1478 praeter
355 1399 429 1458 fidei
442 1397 683 1477 professionem,
699 1399 913 1462 visitationem
934 1398 1158 1478 episcopalem
1176 1403 1200 1458 ct
1262 1393 1263 1480 f

225 1497 382 1559 librorum
398 1494 622 1576 haereticorum
636 1497 899 1575 prohihitionem,
914 1501 1130 1558 recensentur
1140 1500 1199 1554 tum
1262 1531 1263 1562 2

222 1611 315 1673 poenoe
331 1597 442 1653 contra
457 1591 625 1653 haereticns
639 1597 774 1670 statuta,
789 1597 961 1674 tum'leges
976 1595 1018 1656 de
1050 1590 1200 1654 communi-
1262 1575 1263 1608 ³

226 1689 336 1749 catione
350 1689 494 1750 fidelium
509 1706 582 1751 curn
593 1691 790 1752 acatholicis.

265 1803 303 1863 ll.
319 1799 418 1861 Poenoe
431 1801 461 1860 in
472 1785 671 1863 hoereticos'ab
682 1802 815 1864 Ecclesia
827 1803 946 1864 scenice
956 1807 1032 1865 sunt
1046 1803 1198 1880 vclgcne·
1262 1875 1263 1880 ἵ

227 1900 307 1961 ralcs
321 1905 433 1960 contra
441 1899 539 1962 laicos
552 1905 583 1961 et
596 1899 739 1977 clericos,
759 1902 807 1963 vel
821 1899 972 1980 speciales
984 1905 1103 1964 contra
1115 1897 1198 1960 cleri·
1262 1947 1263 2016 l

228 2016 295 2060 cos.

267 2109 317 2168 Ad
332 2127 440 2186 poenas
458 2109 605 2189 pencestes
627 2111 808 2170 referuntur
826 2109 1119 2173 excommunicatio
1133 2109 1195 2168 latae
1262 2113 1263 2160 i

229 2205 396 2266 sententiae
414 2207 545 2266 Summo
558 2207 706 2269 Pontifici
720 2213 886 2283 reservata,
906 2215 937 2270 et
950 2209 1086 2286 privatio
1101 2204 1196 2284 sepul·

229 2306 307 2361 turae
322 2301 557 2362 ecclesiasticae.

268 2412 372 2470 Poenae
385 2411 523 2492 speciales
538 2416 649 2473 contra
666 2413 799 2474 clericos
820 2413 989 2475 haereticos
1015 2419 1091 2475 sunt
1101 2410 1193 2491 primo

230 2507 446 2586 irregularitas
456 2510 559 2586 quoad
570 2509 698 2570 ordines
709 2510 928 2588 suscipiendos
937 2513 985 2572 vel
997 2491 1190 2578 exercendos

230 2606 371 2667 secundo
398 2605 531 2684 privatio
545 2605 774 2668 beneficiorum
796 2613 827 2669 et
841 2608 1022 2670 officiorum
1038 2603 1192 2671 ecclesias-

232 2702 377 2766 ticorum.

269 2817 321 2879 ΙΙΙ.
341 2815 571 2878 Communicatio
583 2815 791 2878 catholicorum
803 2835 868 2877 cum
880 2816 1022 2878 haereticis
1029 2809 1189 2898 generatim

231 2913 370 2990 antiquis
382 2913 555 2976 canonibus
566 2914 739 2976 vetabatur.
750 2916 811 2976 Per
820 2931 976 2976 canonem
986 2909 1192 2977 Conciliiflon-

231 3010 444 3072 stantiensisa
466 3011 642 3074 Martinoll
663 3011 884 3090 approbatum,
901 3013 1047 3073 nonnihil
1066 3008 1189 3073 relaxata

229 3104 289 3166 luit
302 3107 468 3186 disciplina
480 3108 513 3168 in
526 3125 564 3170 eo
573 3109 659 3188 quod
669 3109 807 3189 pertinet
818 3103 858 3170 ad
873 3110 1132 3180 conversandum,
1147 3103 1188 3160 at·

231 3218 292 3279 que
307 3204 402 3264 etiam
417 3205 449 3264 in
464 3204 577 3267 divinis
592 3206 1023 3268 communicandumcumiis
1031 3196 1187 3268 haereticis,

231 3298 285 3376 qui
300 3301 474 3362 tolerantur
490 3309 521 3364 et
534 3319 679 3383 expresse
696 3305 873 3368 denuntiati
889 3323 954 3366 non
965 3309 1038 3366 sunt
1051 3307 1186 3378 tanquam

231 3395 359 3459 vitandi.
381 3399 451 3459 Non
475 3399 597 3463 idcirco
621 3407 729 3466 tamen
750 3402 896 3465 arbitrari
915 3401 1030 3464 dehent
1054 3386 1186 3462 catholici

263 3629 363 3694 (thap.
377 3631 638 3685 excommunicamus.
