2594 4286
237 305 268 352 82
407 305 564 352 Eleusino
586 304 764 350 Mersouion
785 305 868 350 runis
890 305 1045 351 canotum.

236 427 451 485 recensentur.
475 422 646 500 Propterea
679 421 848 500 scriptores
878 420 1109 500 circumspecte
1143 437 1220 483 ver-

237 526 347 582 santur
357 519 391 581 in
403 518 442 580 iis
454 518 671 580 admittendis.

491 739 515 786 2.
530 735 625 796 Quibus
636 735 749 798 partibus
762 735 836 786 Index
850 741 956 786 constat.

276 896 375 957 Index
387 898 511 956 constat
524 893 645 956 duabus
663 892 824 972 partibus:
842 893 939 954 altera
952 898 999 956 cst
1010 893 1161 974 catologus
1176 897 1218 956 li-

236 994 368 1056 brorum
389 991 579 1054 nominatim
603 990 854 1072 prohibitorum3
877 992 976 1054 altera
990 992 1219 1070 complectitur

234 1090 351 1152 Indicis
368 1089 494 1170 requies.

600 1259 733 1322 Cstalogus
744 1258 844 1310 Indicis.

275 1420 298 1480 l.
321 1420 356 1479 In
376 1417 484 1478 Indice
504 1416 577 1478 libri
595 1416 830 1493 hereticorum,
848 1417 1079 1503 catholicorum
1095 1422 1126 1479 et
1140 1436 1218 1480 ano-

235 1533 405 1598 nymorum
420 1533 483 1576 una
502 1515 582 1576 serie
605 1514 804 1593 alphabetico
819 1514 1042 1578 inscribuntur.
1064 1515 1148 1577 Olim
1164 1517 1220 1577 tri-

236 1617 309 1694 plex
323 1613 479 1692 ejusmodi
493 1613 614 1692 species
628 1613 778 1674 distincta
790 1618 867 1675 erat.

277 1715 319 1774 Ut
335 1712 432 1772 Index
447 1710 616 1772 sanctione
635 1710 822 1785 muniretur,
842 1728 944 1790 poenae
964 1728 982 1771 a
1005 1711 1060 1772 Pio
1075 1713 1116 1774 lV
1131 1717 1164 1774 et
1185 1711 1219 1772 in

236 1809 344 1888 regula
359 1811 385 1870 X
398 1813 522 1870 statutae
534 1809 682 1871 luerunt:
700 1830 713 1866 u
728 1809 786 1881 Qui
805 1808 904 1870 libros
923 1814 1055 1888 propter
1068 1809 1220 1870 haeresim

236 1906 284 1966 vel
300 1904 367 1964 falsi
392 1904 548 1984 dogmatis
572 1905 786 1984 suspicionem
806 1907 970 1967 damnatos
986 1910 1080 1985 atque
1105 1907 1219 1986 probi-

236 2002 319 2064 bitos
331 2002 443 2082 legerit
452 2003 499 2064 vel
509 2002 666 2078 habuerit,
676 2003 745 2083 ipso
755 2003 826 2080 jure
836 2004 868 2063 in
877 2004 1218 2065 excommunicationis

237 2101 427 2164 sententiam
439 2101 595 2176 incurrat;
613 2100 751 2180 quivero
768 2100 866 2163 libros
879 2101 989 2162 aliadc
1001 2117 1095 2163 causa
1106 2101 1219 2180 probi-

236 2197 1218 2279 bitoslageritvelhabueritpraeterpeccatimortalisreatum,
1274 2203 1276 2206 ’

233 2296 355 2377 judicio
369 2297 515 2376 Episcopi
532 2315 637 2360 severe
652 2297 812 2377 puniatur.
828 2321 842 2358 n

608 2511 700 2561 indicis
716 2513 829 2574 Regula.

277 2671 347 2732 Non
356 2667 395 2729 ab
409 2667 448 2728 iis
461 2672 584 2729 tantum
595 2667 683 2728 libris
695 2668 871 2728 cavendum
888 2671 944 2741 cst,
963 2667 1017 2747 qui
1027 2669 1220 2730 nominatim

236 2767 269 2828 in
291 2766 435 2828 Indiccm
458 2764 548 2826 relati
571 2769 653 2839 sunt,
681 2765 734 2825 scd
757 2763 797 2825 ab
824 2763 893 2826 aliis
917 2765 1078 2849 etiamtde
1101 2766 1220 2846 quibus

237 2865 339 2948 agitur
360 2863 394 2924 in
415 2861 616 2941 generalibus
630 2862 746 2942 regulis
767 2866 799 2924 et
814 2862 951 2924 decretis
972 2863 1073 2924 Indici
1095 2881 1219 2943 praepo-

237 2963 306 3026 sitis
318 2961 371 3044 (l).

275 3063 303 3124 l.
319 3061 441 3121 Priores
455 3057 668 3144 Indictsdecem
682 3057 803 3139 Bepcloe
823 3076 842 3120 a
859 3060 1004 3122 Patribus
1024 3059 1218 3121 Tridentinis

238 3156 417 3234 elaborate.
432 3175 451 3218 a
465 3157 521 3218 Pio
536 3158 578 3219 1v
597 3156 703 3230 editae,
720 3156 766 3216 sic
781 3158 925 3219 contrabi
941 3164 1096 3238 possunt:

276 3253 391 3334 Reputo
406 3261 446 3316 l·.
470 3253 680 3316 Prohibentnr
694 3251 768 3314 libri
785 3259 856 3316 ante
881 3256 1033 3318 saeculum
1047 3269 1102 3318 xm
1129 3258 1219 3318 dam-

236 3351 303 3413 nati
317 3369 335 3412 a
347 3351 496 3414 Conciliis
508 3357 540 3413 et
556 3349 775 3413 Pontificibus.

198 3507 203 3516 ,
275 3447 391 3530 Reputo
402 3453 446 3510 2¹.
465 3447 837 3518 Harcsiarcharumlibri
850 3450 1218 3530 omninoprobibentur‚

269 3652 302 3715 tl)
313 3649 423 3714 Gregorii
434 3649 490 3700 xv1
502 3649 591 3702 littera
605 3651 737 3714 encyclicas
750 3654 763 3704 t
777 3651 837 3702 maii
851 3654 924 3706 rste.
1009 3657 1010 3662 ’
