2618 4252
487 281 561 328 PARS
583 281 747 328 spumans.
1056 277 1107 326 ³27

127 399 296 462 catholicae
320 398 365 474 id,
391 399 477 478 quod
507 403 554 461 est
578 400 691 462 vitium
715 399 893 475 hominum,
920 400 969 462 vel
992 399 1107 478 magis-

126 497 224 558 tratui
247 495 465 559 ecclesiastico
487 496 659 576 imponunt
681 498 768 576 quod
791 502 839 560 est
857 497 972 559 vitium
992 497 1108 577 magis-

126 599 229 656 tratus
244 592 356 657 civilis.

167 695 197 752 4.
214 691 288 752 Pius
303 693 346 753 IX
364 691 525 752 damnavit
541 697 709 770 sequentes
726 691 961 771 propositiones
978 711 985 754 :
1013 712 1027 752 c
1047 694 1107 754 Ne·

126 805 189 868 que
204 788 427 852 ecclesiastice
442 789 606 868 potestatis
624 789 787 851 distinctio
809 795 840 852 et
859 789 1107 869 independentia

125 885 242 948 serrari
267 889 385 966 potest,
410 885 489 964 quin
509 885 549 946 ab
575 887 719 948 Ecclesia
741 886 930 949 invadantur
958 892 991 949 et
1014 905 1105 948 usur·

125 988 243 1062 peutur
257 981 434 1045 essentialia
446 982 517 1060 jura
531 983 699 1062 potestatis
711 981 813 1044 civilis
828 983 880 1062 (l).
898 1003 914 1042 n

172 1103 188 1141 c
198 1081 305 1145 Civilis
319 1081 485 1160 potestatis
500 1085 548 1141 est
562 1081 696 1142 definire
710 1098 781 1159 quae
795 1081 858 1142 siut
870 1080 1021 1144 Ecclesiae
1033 1081 1106 1160 jura

126 1197 164 1244 ac
184 1179 304 1241 limites
327 1178 411 1239 intra
432 1194 513 1255 quos
536 1178 649 1240 eadem
667 1178 736 1256 jura
757 1178 897 1240 exerceri
918 1181 1035 1257 queant
1038 1222 1100 1240 .....

124 1277 261 1340 Romani
280 1274 452 1336 Pontifices
474 1279 505 1336 et
528 1274 669 1338 Concilia
693 1275 891 1336 oecumenica
912 1293 930 1336 a
948 1275 1104 1337 limitibus

125 1392 190 1436 suaa
215 1370 381 1452 potestatis
409 1377 620 1448 recesserunt,
651 1371 724 1449 jura
757 1372 941 1452 principum
971 1389 1105 1450 usurpa·

123 1477 235 1536 runt...
250 1468 448 1549 Reipublicae
463 1471 581 1542 Status,
594 1474 706 1548 utpote
722 1469 867 1533 omnium
878 1469 998 1548 jurium
1014 1469 1103 1548 origo

123 1574 156 1634 et
175 1571 258 1644 fons,
276 1568 346 1647 jure
367 1567 506 1645 quodam
523 1566 624 1644 pollet
644 1566 739 1628 nullis
756 1566 1000 1645 circumscripto
1018 1566 1103 1626 limi-

122 1669 245 1731 tibus...
262 1664 435 1728 Catholicae
449 1663 602 1726 Ecclesiae
618 1664 765 1727 doctriua
779 1665 927 1726 humanae
942 1661 1102 1724 societatis
1154 1725 1157 1734 ,

122 1767 209 1828 bono
222 1769 255 1827 et
268 1761 447 1826 commodis
464 1763 646 1823 adversatur
660 1760 713 1841 (t).
730 1784 745 1820 r

433 2070 436 2075 .
476 2009 697 2068 surrectus
715 2009 745 2065 11
812 1984 814 1988 ’

402 2175 498 2216 DIVISIO
516 2175 613 2216 STATUS
631 2177 665 2218 ΑΒ
683 2173 818 2217 occlusis.

158 2334 187 2396 1.
206 2328 323 2412 Apendi
336 2330 415 2390 ratio
432 2326 574 2392 Ecclesiae
591 2349 662 2410 erpa
682 2329 814 2391 Statum.
829 2327 898 2391 Dici
912 2329 964 2392 vix
977 2333 1096 2410 potest,

119 2434 315 2509 quantopere
335 2427 493 2490 delineata
511 2425 664 2490 Ecclesiae
683 2426 827 2488 conditio
848 2429 980 2490 cesserit
998 2428 1030 2488 iu
1056 2429 1099 2488 la·

117 2527 194 2589 bem
209 2524 370 2604 religionis
386 2530 418 2586 et
432 2523 578 2586 civitatis.
598 2522 837 2587 Gallicanismus
853 2525 938 2587 enirn
956 2529 1004 2586 est
1021 2524 1098 2584 sub·

112 2621 237 2705 jugatio
272 2621 423 2685 Ecclesia
451 2640 469 2684 a
498 2624 655 2702 potestate
686 2621 771 2684 civili
803 2621 835 2682 in
868 2621 1097 2684 detrimentum

117 2719 306 2784 hierarchiae
322 2724 353 2782 et
367 2719 570 2799 potissimum
586 2719 678 2782 Sedis
693 2719 898 2798 Apostolioae.
915 2720 1010 2797 Apud
1025 2721 1100 2782 Ger·

120 2818 262 2882 maniam
283 2817 482 2879 Febroniana
512 2816 659 2878 doctrina
681 2816 715 2876 in
743 2817 862 2879 exitum
885 2817 1023 2879 deducta
1053 2822 1100 2880 est

2 2969 14 3010 ¹.
118 2935 194 2982 cum
227 2915 368 2977 maximo
398 2914 552 2976 libertatis
586 2913 809 2976 ecclesiasticae
843 2914 1023 2993 dispendio,
1055 2915 1099 2977 ita

2 3010 3 3019 ’
118 3016 252 3096 quidem
273 3018 308 3075 ut
326 3029 364 3074 ex
393 3009 518 3090 juribus
537 3009 689 3072 Ecclesia
718 3008 769 3071 vix
794 3009 895 3071 ullum
925 3008 976 3085 sit,
1007 3010 1097 3088 cujus

117 3097 306 3177 exercitium
328 3126 347 3170 a
372 3108 499 3171 civitate
522 3125 589 3170 uon
613 3106 805 3186 impeditum
830 3108 880 3170 vel
908 3113 1096 3186 usurpatum

118 3210 227 3276 tuerit.

158 3309 277 3371 Verum
295 3322 333 3370 ex
349 3303 471 3385 aliquot
492 3302 654 3368 decenniis
671 3302 706 3364 iu
724 3301 916 3366 stabiliendo
931 3301 1096 3385 utriusque

148 3482 182 3546 (1)
196 3478 231 3532 Pil
244 3477 279 3529 lx
292 3477 393 3528 Litterae
405 3475 539 3542 encyclicae
551 3472 649 3539 Quanto
661 3490 733 3530 cura.

119 3557 422 3699 19(22)31>ί3ἰ91)ί4οεμὶἱαὺιω
439 3561 605 3621 complectens
624 3559 764 3621 praecipuos
777 3563 870 3610 nostru
886 3556 970 3608 rotatio
989 3566 1094 3619 amores,

151 3679 160 3708 a
203 3671 212 3702 t
257 3671 266 3696 ²
310 3665 318 3687 ·
