<?xml version="1.0" encoding="UTF-8"?>
<!DOCTYPE html PUBLIC "-//W3C//DTD XHTML 1.0 Transitional//EN"
    "http://www.w3.org/TR/xhtml1/DTD/xhtml1-transitional.dtd">
<html xmlns="http://www.w3.org/1999/xhtml" xml:lang="en" lang="en">
 <head>
  <title>
</title>
<meta http-equiv="Content-Type" content="text/html;charset=utf-8" />
  <meta name='ocr-system' content='tesseract 3.04.00' />
  <meta name='ocr-capabilities' content='ocr_page ocr_carea ocr_par ocr_line ocrx_word'/>
</head>
<body>
  <div class='ocr_page' id='page_1' title='image "./expositiomethod01hugugoog_0155.png"; bbox 0 0 2604 4264; ppageno 0'>
   <div class='ocr_carea' id='block_1_1' title="bbox 222 313 1032 367">
    <p class='ocr_par' dir='ltr' id='par_1_1' title="bbox 222 313 1032 367">
     <span class='ocr_line' id='line_1_1' title="bbox 222 313 1032 367; baseline 0.007 -7"><span class='ocrx_word' id='word_1_1' title='bbox 222 313 277 361; x_wconf 75' lang='lat' dir='ltr'><strong>itt</strong></span> <span class='ocrx_word' id='word_1_2' title='bbox 394 315 549 362; x_wconf 80' lang='lat' dir='ltr'><strong>nxrosmo</strong></span> <span class='ocrx_word' id='word_1_3' title='bbox 571 314 749 362; x_wconf 71' lang='lat' dir='ltr'><strong>nunnomcu</strong></span> <span class='ocrx_word' id='word_1_4' title='bbox 768 315 852 362; x_wconf 72' lang='lat' dir='ltr'><strong>tolus</strong></span> <span class='ocrx_word' id='word_1_5' title='bbox 875 315 1032 367; x_wconf 73' lang='lat' dir='ltr'><strong>ottoniel.</strong></span> 
     </span>
    </p>
   </div>
   <div class='ocr_carea' id='block_1_2' title="bbox 563 556 889 632">
    <p class='ocr_par' dir='ltr' id='par_1_2' title="bbox 563 556 889 632">
     <span class='ocr_line' id='line_1_2' title="bbox 563 556 889 632; baseline -0.009 -19"><span class='ocrx_word' id='word_1_6' title='bbox 563 556 784 632; x_wconf 74' lang='lat' dir='ltr'><strong>numenius</strong></span> <span class='ocrx_word' id='word_1_7' title='bbox 801 557 846 611; x_wconf 92' lang='lat'><strong>111</strong></span> <span class='ocrx_word' id='word_1_8' title='bbox 881 567 889 576; x_wconf 40' lang='lat' dir='ltr'><strong>f·</strong></span> 
     </span>
    </p>
   </div>
   <div class='ocr_carea' id='block_1_3' title="bbox 429 735 981 779">
    <p class='ocr_par' dir='ltr' id='par_1_3' title="bbox 429 735 981 779">
     <span class='ocr_line' id='line_1_3' title="bbox 429 735 981 779; baseline -0.002 -2"><span class='ocrx_word' id='word_1_9' title='bbox 429 738 464 778; x_wconf 75' lang='lat' dir='ltr'><strong>DE</strong></span> <span class='ocrx_word' id='word_1_10' title='bbox 480 735 646 779; x_wconf 77' lang='lat' dir='ltr'><strong>nitnucrlortn</strong></span> <span class='ocrx_word' id='word_1_11' title='bbox 662 738 774 779; x_wconf 69' lang='lat' dir='ltr'><strong>cunno!</strong></span> <span class='ocrx_word' id='word_1_12' title='bbox 792 737 981 778; x_wconf 71' lang='lat' dir='ltr'><strong>nunnnrrorlts.</strong></span> 
     </span>
    </p>
   </div>
   <div class='ocr_carea' id='block_1_4' title="bbox 213 909 1204 1186">
    <p class='ocr_par' dir='ltr' id='par_1_4' title="bbox 213 909 1204 1186">
     <span class='ocr_line' id='line_1_4' title="bbox 254 909 1204 989; baseline 0.003 -16"><span class='ocrx_word' id='word_1_13' title='bbox 254 913 277 974; x_wconf 93' lang='lat' dir='ltr'><strong>l.</strong></span> <span class='ocrx_word' id='word_1_14' title='bbox 296 913 398 973; x_wconf 82' lang='lat' dir='ltr'><strong>Onera</strong></span> <span class='ocrx_word' id='word_1_15' title='bbox 407 912 574 974; x_wconf 83' lang='lat' dir='ltr'><strong>missarum</strong></span> <span class='ocrx_word' id='word_1_16' title='bbox 582 929 648 973; x_wconf 91' lang='lat' dir='ltr'><strong>non</strong></span> <span class='ocrx_word' id='word_1_17' title='bbox 660 913 799 984; x_wconf 83' lang='lat' dir='ltr'><strong>manent,</strong></span> <span class='ocrx_word' id='word_1_18' title='bbox 812 910 840 970; x_wconf 89' lang='lat' dir='ltr'><strong>si</strong></span> <span class='ocrx_word' id='word_1_19' title='bbox 854 909 974 972; x_wconf 88' lang='lat' dir='ltr'><strong>reditus</strong></span> <span class='ocrx_word' id='word_1_20' title='bbox 986 927 1046 989; x_wconf 92' lang='lat' dir='ltr'><strong>pro</strong></span> <span class='ocrx_word' id='word_1_21' title='bbox 1062 911 1101 972; x_wconf 91' lang='lat' dir='ltr'><strong>iis</strong></span> <span class='ocrx_word' id='word_1_22' title='bbox 1114 915 1204 976; x_wconf 81' lang='lat' dir='ltr'><strong>assi·-</strong></span> 
     </span>
     <span class='ocr_line' id='line_1_5' title="bbox 215 1007 1196 1091; baseline 0.004 -20"><span class='ocrx_word' id='word_1_23' title='bbox 215 1011 301 1091; x_wconf 81' lang='lat' dir='ltr'><strong>gnati</strong></span> <span class='ocrx_word' id='word_1_24' title='bbox 316 1009 479 1089; x_wconf 87' lang='lat' dir='ltr'><strong>perierint.</strong></span> <span class='ocrx_word' id='word_1_25' title='bbox 493 1010 584 1072; x_wconf 85' lang='lat' dir='ltr'>Ratio</span> <span class='ocrx_word' id='word_1_26' title='bbox 595 1014 653 1084; x_wconf 87' lang='lat' dir='ltr'><strong>est,</strong></span> <span class='ocrx_word' id='word_1_27' title='bbox 668 1009 743 1088; x_wconf 88' lang='lat' dir='ltr'><strong>quia</strong></span> <span class='ocrx_word' id='word_1_28' title='bbox 752 1007 942 1070; x_wconf 87' lang='lat' dir='ltr'><strong>heneficium</strong></span> <span class='ocrx_word' id='word_1_29' title='bbox 952 1008 1045 1069; x_wconf 81' lang='lat' dir='ltr'><strong>detur</strong></span> <span class='ocrx_word' id='word_1_30' title='bbox 1056 1017 1196 1089; x_wconf 87' lang='lat' dir='ltr'><strong>proptor</strong></span> 
     </span>
     <span class='ocr_line' id='line_1_6' title="bbox 213 1106 1186 1186; baseline 0.002 -16"><span class='ocrx_word' id='word_1_31' title='bbox 213 1108 372 1183; x_wconf 87' lang='lat' dir='ltr'><strong>officium;</strong></span> <span class='ocrx_word' id='word_1_32' title='bbox 390 1111 531 1170; x_wconf 85' lang='lat' dir='ltr'><strong>cessante</strong></span> <span class='ocrx_word' id='word_1_33' title='bbox 546 1106 712 1182; x_wconf 85' lang='lat' dir='ltr'><strong>beneficio,</strong></span> <span class='ocrx_word' id='word_1_34' title='bbox 733 1107 864 1186; x_wconf 86' lang='lat' dir='ltr'><strong>aequitas</strong></span> <span class='ocrx_word' id='word_1_35' title='bbox 880 1107 1018 1185; x_wconf 85' lang='lat' dir='ltr'><strong>postulat</strong></span> <span class='ocrx_word' id='word_1_36' title='bbox 1038 1113 1074 1170; x_wconf 91' lang='lat' dir='ltr'><strong>ut</strong></span> <span class='ocrx_word' id='word_1_37' title='bbox 1088 1108 1186 1179; x_wconf 85' lang='lat' dir='ltr'><strong>etiarn</strong></span> 
     </span>
    </p>
   </div>
   <div class='ocr_carea' id='block_1_5' title="bbox 99 1205 485 1270">
    <p class='ocr_par' dir='ltr' id='par_1_5' title="bbox 99 1205 485 1270">
     <span class='ocr_line' id='line_1_7' title="bbox 99 1205 485 1270; baseline -0.01 0"><span class='ocrx_word' id='word_1_38' title='bbox 99 1265 101 1270; x_wconf 87' lang='lat'>.</span> <span class='ocrx_word' id='word_1_39' title='bbox 214 1205 358 1267; x_wconf 80' lang='lat' dir='ltr'><strong>osticium</strong></span> <span class='ocrx_word' id='word_1_40' title='bbox 371 1209 485 1266; x_wconf 85' lang='lat' dir='ltr'><strong>cesset.</strong></span> 
     </span>
    </p>
   </div>
   <div class='ocr_carea' id='block_1_6' title="bbox 205 1299 1189 2166">
    <p class='ocr_par' dir='ltr' id='par_1_6' title="bbox 210 1299 1187 1678">
     <span class='ocr_line' id='line_1_8' title="bbox 251 1299 1187 1375; baseline 0.003 -10"><span class='ocrx_word' id='word_1_41' title='bbox 251 1303 285 1365; x_wconf 90' lang='lat' dir='ltr'><strong>Si</strong></span> <span class='ocrx_word' id='word_1_42' title='bbox 306 1302 427 1364; x_wconf 89' lang='lat' dir='ltr'><strong>reditus</strong></span> <span class='ocrx_word' id='word_1_43' title='bbox 445 1299 594 1362; x_wconf 81' lang='lat' dir='ltr'><strong>diminuti</strong></span> <span class='ocrx_word' id='word_1_44' title='bbox 608 1299 736 1375; x_wconf 86' lang='lat' dir='ltr'><strong>luerint,</strong></span> <span class='ocrx_word' id='word_1_45' title='bbox 750 1304 827 1363; x_wconf 90' lang='lat' dir='ltr'><strong>tunc</strong></span> <span class='ocrx_word' id='word_1_46' title='bbox 846 1301 949 1364; x_wconf 80' lang='lat' dir='ltr'><strong>missae</strong></span> <span class='ocrx_word' id='word_1_47' title='bbox 963 1304 1003 1364; x_wconf 89' lang='lat' dir='ltr'><strong>ad</strong></span> <span class='ocrx_word' id='word_1_48' title='bbox 1026 1303 1187 1368; x_wconf 83' lang='lat' dir='ltr'><strong>minorem</strong></span> 
     </span>
     <span class='ocr_line' id='line_1_9' title="bbox 211 1397 1186 1477; baseline 0.004 -15"><span class='ocrx_word' id='word_1_49' title='bbox 211 1417 380 1464; x_wconf 86' lang='lat' dir='ltr'><strong>nnmerum</strong></span> <span class='ocrx_word' id='word_1_50' title='bbox 400 1397 509 1460; x_wconf 82' lang='lat' dir='ltr'><strong>reduci</strong></span> <span class='ocrx_word' id='word_1_51' title='bbox 525 1401 658 1476; x_wconf 82' lang='lat' dir='ltr'><strong>possunt</strong></span> <span class='ocrx_word' id='word_1_52' title='bbox 674 1414 732 1476; x_wconf 91' lang='lat' dir='ltr'><strong>per</strong></span> <span class='ocrx_word' id='word_1_53' title='bbox 755 1397 931 1477; x_wconf 80' lang='lat' dir='ltr'><strong>legitimam</strong></span> <span class='ocrx_word' id='word_1_54' title='bbox 950 1400 1186 1466; x_wconf 79' lang='lat' dir='ltr'><strong>auctoritatem.</strong></span> 
     </span>
     <span class='ocr_line' id='line_1_10' title="bbox 210 1495 1180 1579; baseline 0.002 -19"><span class='ocrx_word' id='word_1_55' title='bbox 210 1501 280 1579; x_wconf 85' lang='lat' dir='ltr'><strong>Ipsa</strong></span> <span class='ocrx_word' id='word_1_56' title='bbox 304 1499 471 1560; x_wconf 83' lang='lat' dir='ltr'><strong>missarum</strong></span> <span class='ocrx_word' id='word_1_57' title='bbox 498 1495 643 1558; x_wconf 91' lang='lat' dir='ltr'><strong>reductio</strong></span> <span class='ocrx_word' id='word_1_58' title='bbox 669 1512 705 1558; x_wconf 82' lang='lat' dir='ltr'><strong>ee</strong></span> <span class='ocrx_word' id='word_1_59' title='bbox 727 1500 775 1558; x_wconf 90' lang='lat' dir='ltr'><strong>est</strong></span> <span class='ocrx_word' id='word_1_60' title='bbox 796 1513 868 1574; x_wconf 83' lang='lat' dir='ltr'><strong>quae</strong></span> <span class='ocrx_word' id='word_1_61' title='bbox 889 1497 1031 1560; x_wconf 81' lang='lat' dir='ltr'><strong>futurum</strong></span> <span class='ocrx_word' id='word_1_62' title='bbox 1050 1503 1180 1579; x_wconf 86' lang='lat' dir='ltr'><strong>tempus</strong></span> 
     </span>
     <span class='ocr_line' id='line_1_11' title="bbox 210 1599 350 1678; baseline 0 -20"><span class='ocrx_word' id='word_1_63' title='bbox 210 1599 350 1678; x_wconf 82' lang='lat' dir='ltr'><strong>respicit.</strong></span> 
     </span>
    </p>

    <p class='ocr_par' dir='ltr' id='par_1_7' title="bbox 206 1692 1181 1857">
     <span class='ocr_line' id='line_1_12' title="bbox 246 1692 1181 1774; baseline 0.003 -17"><span class='ocrx_word' id='word_1_64' title='bbox 246 1697 285 1757; x_wconf 92' lang='lat' dir='ltr'><strong>ll.</strong></span> <span class='ocrx_word' id='word_1_65' title='bbox 302 1692 466 1774; x_wconf 81' lang='lat' dir='ltr'><strong>Episcopis</strong></span> <span class='ocrx_word' id='word_1_66' title='bbox 481 1693 553 1772; x_wconf 87' lang='lat' dir='ltr'><strong>jure</strong></span> <span class='ocrx_word' id='word_1_67' title='bbox 568 1692 700 1771; x_wconf 90' lang='lat' dir='ltr'><strong>proprio</strong></span> <span class='ocrx_word' id='word_1_68' title='bbox 722 1709 787 1754; x_wconf 91' lang='lat' dir='ltr'><strong>uon</strong></span> <span class='ocrx_word' id='word_1_69' title='bbox 802 1693 958 1772; x_wconf 85' lang='lat' dir='ltr'><strong>competit</strong></span> <span class='ocrx_word' id='word_1_70' title='bbox 975 1694 1108 1758; x_wconf 78' lang='lat' dir='ltr'><strong>facultas</strong></span> <span class='ocrx_word' id='word_1_71' title='bbox 1121 1714 1181 1760; x_wconf 90' lang='lat' dir='ltr'><strong>re·-</strong></span> 
     </span>
     <span class='ocr_line' id='line_1_13' title="bbox 206 1790 712 1857; baseline -0.01 0"><span class='ocrx_word' id='word_1_72' title='bbox 206 1793 345 1857; x_wconf 89' lang='lat' dir='ltr'><strong>ducendi</strong></span> <span class='ocrx_word' id='word_1_73' title='bbox 362 1807 462 1854; x_wconf 83' lang='lat' dir='ltr'><strong>onera</strong></span> <span class='ocrx_word' id='word_1_74' title='bbox 475 1790 712 1852; x_wconf 82' lang='lat' dir='ltr'><strong>fundationum.</strong></span> 
     </span>
    </p>

    <p class='ocr_par' dir='ltr' id='par_1_8' title="bbox 205 1885 1189 2068">
     <span class='ocr_line' id='line_1_14' title="bbox 246 1885 1189 1972; baseline 0.003 -20"><span class='ocrx_word' id='word_1_75' title='bbox 246 1890 339 1952; x_wconf 85' lang='lat' dir='ltr'><strong>Ratio</strong></span> <span class='ocrx_word' id='word_1_76' title='bbox 353 1895 412 1968; x_wconf 92' lang='lat' dir='ltr'><strong>est,</strong></span> <span class='ocrx_word' id='word_1_77' title='bbox 430 1890 504 1970; x_wconf 82' lang='lat' dir='ltr'><strong>quia</strong></span> <span class='ocrx_word' id='word_1_78' title='bbox 525 1888 671 1951; x_wconf 84' lang='lat' dir='ltr'><strong>fundatio</strong></span> <span class='ocrx_word' id='word_1_79' title='bbox 688 1905 721 1950; x_wconf 87' lang='lat' dir='ltr'><strong>so</strong></span> <span class='ocrx_word' id='word_1_80' title='bbox 741 1885 837 1951; x_wconf 84' lang='lat' dir='ltr'><strong>habet</strong></span> <span class='ocrx_word' id='word_1_81' title='bbox 851 1905 910 1968; x_wconf 88' lang='lat' dir='ltr'><strong>per</strong></span> <span class='ocrx_word' id='word_1_82' title='bbox 931 1890 1066 1953; x_wconf 90' lang='lat' dir='ltr'><strong>modum</strong></span> <span class='ocrx_word' id='word_1_83' title='bbox 1080 1893 1189 1972; x_wconf 81' lang='lat' dir='ltr'><strong>quasi·</strong></span> 
     </span>
     <span class='ocr_line' id='line_1_15' title="bbox 205 1986 1102 2068; baseline 0 -16"><span class='ocrx_word' id='word_1_84' title='bbox 205 1993 387 2052; x_wconf 84' lang='lat' dir='ltr'><strong>contractus</strong></span> <span class='ocrx_word' id='word_1_85' title='bbox 402 1986 597 2068; x_wconf 64' lang='lat' dir='ltr'><strong>obligaturi,</strong></span> <span class='ocrx_word' id='word_1_86' title='bbox 615 2003 711 2068; x_wconf 87' lang='lat' dir='ltr'><strong>quem</strong></span> <span class='ocrx_word' id='word_1_87' title='bbox 725 1987 903 2066; x_wconf 80' lang='lat' dir='ltr'><strong>Episcopus</strong></span> <span class='ocrx_word' id='word_1_88' title='bbox 913 1990 1102 2068; x_wconf 78' lang='lat' dir='ltr'><strong>acceptavit.</strong></span> 
     </span>
    </p>

    <p class='ocr_par' dir='ltr' id='par_1_9' title="bbox 244 2085 1182 2166">
     <span class='ocr_line' id='line_1_16' title="bbox 244 2085 1182 2166; baseline 0.003 -18"><span class='ocrx_word' id='word_1_89' title='bbox 244 2087 270 2150; x_wconf 93' lang='grc' dir='ltr'><strong>Ι.</strong></span> <span class='ocrx_word' id='word_1_90' title='bbox 295 2088 473 2150; x_wconf 79' lang='lat' dir='ltr'><strong>Concilium</strong></span> <span class='ocrx_word' id='word_1_91' title='bbox 488 2086 713 2150; x_wconf 75' lang='lat' dir='ltr'><strong>Tridentinum</strong></span> <span class='ocrx_word' id='word_1_92' title='bbox 731 2085 898 2166; x_wconf 83' lang='lat' dir='ltr'><strong>Episcopis</strong></span> <span class='ocrx_word' id='word_1_93' title='bbox 917 2087 1029 2148; x_wconf 82' lang='lat' dir='ltr'><strong>tribuit</strong></span> <span class='ocrx_word' id='word_1_94' title='bbox 1050 2088 1182 2150; x_wconf 77' lang='lat' dir='ltr'><strong>faculta-</strong></span> 
     </span>
    </p>
   </div>
   <div class='ocr_carea' id='block_1_7' title="bbox 110 2183 1178 2272">
    <p class='ocr_par' dir='ltr' id='par_1_10' title="bbox 110 2183 1178 2272">
     <span class='ocr_line' id='line_1_17' title="bbox 110 2183 1178 2272; baseline 0.001 -24"><span class='ocrx_word' id='word_1_95' title='bbox 110 2266 113 2272; x_wconf 63' lang='lat'><em>,</em></span> <span class='ocrx_word' id='word_1_96' title='bbox 203 2191 270 2248; x_wconf 88' lang='lat' dir='ltr'><strong>tem</strong></span> <span class='ocrx_word' id='word_1_97' title='bbox 281 2183 456 2246; x_wconf 89' lang='lat' dir='ltr'><strong>reducendi</strong></span> <span class='ocrx_word' id='word_1_98' title='bbox 468 2200 564 2246; x_wconf 83' lang='lat' dir='ltr'><strong>onera</strong></span> <span class='ocrx_word' id='word_1_99' title='bbox 574 2183 744 2244; x_wconf 83' lang='lat' dir='ltr'><strong>missarum</strong></span> <span class='ocrx_word' id='word_1_100' title='bbox 756 2189 828 2244; x_wconf 83' lang='lat' dir='ltr'><strong>ante</strong></span> <span class='ocrx_word' id='word_1_101' title='bbox 838 2185 1010 2246; x_wconf 85' lang='lat' dir='ltr'><strong>concilium</strong></span> <span class='ocrx_word' id='word_1_102' title='bbox 1022 2191 1178 2265; x_wconf 80' lang='lat' dir='ltr'><strong>suscepta.</strong></span> 
     </span>
    </p>
   </div>
   <div class='ocr_carea' id='block_1_8' title="bbox 200 2279 1186 3146">
    <p class='ocr_par' dir='ltr' id='par_1_11' title="bbox 201 2279 1186 2832">
     <span class='ocr_line' id='line_1_18' title="bbox 243 2279 1183 2365; baseline 0.005 -22"><span class='ocrx_word' id='word_1_103' title='bbox 243 2286 273 2345; x_wconf 77' lang='lat'><strong>2.</strong></span> <span class='ocrx_word' id='word_1_104' title='bbox 297 2285 359 2344; x_wconf 93' lang='lat' dir='ltr'><strong>Pro</strong></span> <span class='ocrx_word' id='word_1_105' title='bbox 376 2281 565 2365; x_wconf 85' lang='lat' dir='ltr'><strong>reducendis</strong></span> <span class='ocrx_word' id='word_1_106' title='bbox 582 2279 733 2344; x_wconf 89' lang='lat' dir='ltr'><strong>oneribus</strong></span> <span class='ocrx_word' id='word_1_107' title='bbox 752 2281 918 2344; x_wconf 85' lang='lat' dir='ltr'><strong>missarum</strong></span> <span class='ocrx_word' id='word_1_108' title='bbox 936 2282 1096 2362; x_wconf 85' lang='lat' dir='ltr'><strong>impositis</strong></span> <span class='ocrx_word' id='word_1_109' title='bbox 1111 2290 1183 2363; x_wconf 94' lang='lat' dir='ltr'><strong>post</strong></span> 
     </span>
     <span class='ocr_line' id='line_1_19' title="bbox 203 2379 1179 2456; baseline 0.003 -15"><span class='ocrx_word' id='word_1_110' title='bbox 203 2379 380 2442; x_wconf 86' lang='lat' dir='ltr'><strong>Concilium</strong></span> <span class='ocrx_word' id='word_1_111' title='bbox 404 2379 637 2456; x_wconf 68' lang='lat' dir='ltr'><strong>tridentinum,</strong></span> <span class='ocrx_word' id='word_1_112' title='bbox 663 2381 892 2442; x_wconf 90' lang='lat' dir='ltr'><strong>recurrendum</strong></span> <span class='ocrx_word' id='word_1_113' title='bbox 920 2386 967 2442; x_wconf 87' lang='lat' dir='ltr'><strong>est</strong></span> <span class='ocrx_word' id='word_1_114' title='bbox 994 2382 1033 2446; x_wconf 76' lang='lat' dir='ltr'><strong>ad</strong></span> <span class='ocrx_word' id='word_1_115' title='bbox 1062 2382 1179 2444; x_wconf 89' lang='lat' dir='ltr'><strong>Sedem</strong></span> 
     </span>
     <span class='ocr_line' id='line_1_20' title="bbox 202 2477 1185 2558; baseline 0.004 -19"><span class='ocrx_word' id='word_1_116' title='bbox 202 2478 432 2558; x_wconf 86' lang='lat' dir='ltr'><strong>Apostolicam.</strong></span> <span class='ocrx_word' id='word_1_117' title='bbox 447 2477 591 2540; x_wconf 87' lang='lat' dir='ltr'><strong>Urbanus</strong></span> <span class='ocrx_word' id='word_1_118' title='bbox 602 2478 670 2539; x_wconf 90' lang='lat' dir='ltr'><strong>Vlll</strong></span> <span class='ocrx_word' id='word_1_119' title='bbox 681 2477 715 2537; x_wconf 91' lang='lat' dir='ltr'><strong>in</strong></span> <span class='ocrx_word' id='word_1_120' title='bbox 725 2478 853 2540; x_wconf 88' lang='lat' dir='ltr'><strong>decreto</strong></span> <span class='ocrx_word' id='word_1_121' title='bbox 863 2479 996 2556; x_wconf 81' lang='lat' dir='ltr'><strong>allegato</strong></span> <span class='ocrx_word' id='word_1_122' title='bbox 1010 2500 1025 2536; x_wconf 84' lang='lat' dir='ltr'><strong>u</strong></span> <span class='ocrx_word' id='word_1_123' title='bbox 1034 2479 1185 2543; x_wconf 86' lang='lat' dir='ltr'><strong>districte·</strong></span> 
     </span>
     <span class='ocr_line' id='line_1_21' title="bbox 202 2574 1181 2656; baseline 0.001 -18"><span class='ocrx_word' id='word_1_124' title='bbox 202 2574 351 2654; x_wconf 89' lang='lat' dir='ltr'><strong>prohibet</strong></span> <span class='ocrx_word' id='word_1_125' title='bbox 364 2591 405 2635; x_wconf 88' lang='lat' dir='ltr'><strong>ne</strong></span> <span class='ocrx_word' id='word_1_126' title='bbox 417 2575 566 2654; x_wconf 76' lang='lat' dir='ltr'><strong>Episcopi</strong></span> <span class='ocrx_word' id='word_1_127' title='bbox 576 2577 731 2637; x_wconf 84' lang='lat' dir='ltr'><strong>reducant</strong></span> <span class='ocrx_word' id='word_1_128' title='bbox 744 2593 841 2637; x_wconf 87' lang='lat' dir='ltr'><strong>onera</strong></span> <span class='ocrx_word' id='word_1_129' title='bbox 852 2577 1035 2651; x_wconf 83' lang='lat' dir='ltr'><strong>missarum3</strong></span> <span class='ocrx_word' id='word_1_130' title='bbox 1053 2578 1110 2638; x_wconf 91' lang='lat' dir='ltr'><strong>sed</strong></span> <span class='ocrx_word' id='word_1_131' title='bbox 1122 2596 1181 2656; x_wconf 92' lang='lat' dir='ltr'><strong>pro</strong></span> 
     </span>
     <span class='ocr_line' id='line_1_22' title="bbox 202 2670 1186 2750; baseline 0.003 -19"><span class='ocrx_word' id='word_1_132' title='bbox 202 2670 252 2732; x_wconf 90' lang='lat' dir='ltr'><strong>his</strong></span> <span class='ocrx_word' id='word_1_133' title='bbox 268 2671 416 2734; x_wconf 89' lang='lat' dir='ltr'><strong>omuibus</strong></span> <span class='ocrx_word' id='word_1_134' title='bbox 439 2671 627 2734; x_wconf 89' lang='lat' dir='ltr'><strong>reducendis</strong></span> <span class='ocrx_word' id='word_1_135' title='bbox 642 2673 681 2733; x_wconf 88' lang='lat' dir='ltr'><strong>ad</strong></span> <span class='ocrx_word' id='word_1_136' title='bbox 705 2671 923 2750; x_wconf 85' lang='lat' dir='ltr'><strong>Apostolioam</strong></span> <span class='ocrx_word' id='word_1_137' title='bbox 938 2673 1055 2735; x_wconf 89' lang='lat' dir='ltr'><strong>Sedem</strong></span> <span class='ocrx_word' id='word_1_138' title='bbox 1074 2689 1186 2738; x_wconf 86' lang='lat' dir='ltr'><strong>recur-</strong></span> 
     </span>
     <span class='ocr_line' id='line_1_23' title="bbox 201 2774 327 2832; baseline -0.008 -2"><span class='ocrx_word' id='word_1_139' title='bbox 201 2774 297 2832; x_wconf 86' lang='lat' dir='ltr'><strong>ratur.</strong></span> <span class='ocrx_word' id='word_1_140' title='bbox 313 2792 327 2829; x_wconf 80' lang='lat' dir='ltr'><strong>o</strong></span> 
     </span>
    </p>

    <p class='ocr_par' dir='ltr' id='par_1_12' title="bbox 200 2865 1183 3146">
     <span class='ocr_line' id='line_1_24' title="bbox 240 2865 1180 2946; baseline -0.001 -17"><span class='ocrx_word' id='word_1_141' title='bbox 240 2869 291 2929; x_wconf 91' lang='lat' dir='ltr'><strong>lll.</strong></span> <span class='ocrx_word' id='word_1_142' title='bbox 315 2865 505 2930; x_wconf 89' lang='lat' dir='ltr'><strong>Reduotioni</strong></span> <span class='ocrx_word' id='word_1_143' title='bbox 521 2867 688 2931; x_wconf 86' lang='lat' dir='ltr'><strong>missarum</strong></span> <span class='ocrx_word' id='word_1_144' title='bbox 701 2868 826 2932; x_wconf 89' lang='lat' dir='ltr'><strong>accedit</strong></span> <span class='ocrx_word' id='word_1_145' title='bbox 840 2867 1009 2944; x_wconf 85' lang='lat' dir='ltr'><strong>absolutio,</strong></span> <span class='ocrx_word' id='word_1_146' title='bbox 1025 2883 1088 2946; x_wconf 86' lang='lat' dir='ltr'><strong>qua</strong></span> <span class='ocrx_word' id='word_1_147' title='bbox 1099 2871 1180 2929; x_wconf 88' lang='lat' dir='ltr'><strong>tem·</strong></span> 
     </span>
     <span class='ocr_line' id='line_1_25' title="bbox 200 2965 1183 3046; baseline 0.002 -20"><span class='ocrx_word' id='word_1_148' title='bbox 200 2983 259 3046; x_wconf 93' lang='lat' dir='ltr'><strong>pus</strong></span> <span class='ocrx_word' id='word_1_149' title='bbox 272 2967 471 3046; x_wconf 74' lang='lat' dir='ltr'><strong>preteritum</strong></span> <span class='ocrx_word' id='word_1_150' title='bbox 483 2967 668 3046; x_wconf 88' lang='lat' dir='ltr'><strong>respiciens,</strong></span> <span class='ocrx_word' id='word_1_151' title='bbox 684 2969 834 3030; x_wconf 89' lang='lat' dir='ltr'><strong>Summus</strong></span> <span class='ocrx_word' id='word_1_152' title='bbox 848 2967 994 3030; x_wconf 80' lang='lat' dir='ltr'><strong>Pontifex</strong></span> <span class='ocrx_word' id='word_1_153' title='bbox 1005 2965 1183 3044; x_wconf 84' lang='lat' dir='ltr'><strong>aliquando</strong></span> 
     </span>
     <span class='ocr_line' id='line_1_26' title="bbox 201 3064 1024 3146; baseline -0.002 -18"><span class='ocrx_word' id='word_1_154' title='bbox 201 3065 360 3128; x_wconf 86' lang='lat' dir='ltr'><strong>condonat</strong></span> <span class='ocrx_word' id='word_1_155' title='bbox 373 3083 469 3129; x_wconf 85' lang='lat' dir='ltr'><strong>onera</strong></span> <span class='ocrx_word' id='word_1_156' title='bbox 483 3083 553 3146; x_wconf 85' lang='lat' dir='ltr'><strong>quae</strong></span> <span class='ocrx_word' id='word_1_157' title='bbox 568 3066 699 3146; x_wconf 87' lang='lat' dir='ltr'><strong>impleta</strong></span> <span class='ocrx_word' id='word_1_158' title='bbox 712 3083 778 3129; x_wconf 92' lang='lat' dir='ltr'><strong>non</strong></span> <span class='ocrx_word' id='word_1_159' title='bbox 790 3064 922 3128; x_wconf 86' lang='lat' dir='ltr'><strong>fuerint.</strong></span> <span class='ocrx_word' id='word_1_160' title='bbox 1020 3075 1024 3082; x_wconf 86' lang='lat'>&#39;</span> 
     </span>
    </p>
   </div>
   <div class='ocr_carea' id='block_1_9' title="bbox 0 0 1306 4264">
    <p class='ocr_par' dir='ltr' id='par_1_13' title="bbox 0 0 1306 4264">
     <span class='ocr_line' id='line_1_27' title="bbox 0 0 1306 4264; baseline 0 6"><span class='ocrx_word' id='word_1_161' title='bbox 0 0 1306 4264; x_wconf 95' lang='lat' dir='ltr'><strong> </strong></span> 
     </span>
    </p>
   </div>
  </div>
 </body>
</html>
