2604 4264
192 269 244 318 112
357 268 516 315 Exroslmo
538 267 716 316 unrflomcx
734 269 818 316 tutis
840 268 996 315 canonica

227 387 279 449 111.
301 386 350 447 Ad
369 385 494 466 proxim
519 387 606 465 quod
632 385 755 459 attinet,
781 384 878 447 bodie
894 385 979 463 leges
996 382 1175 463 ejusmodi,

189 484 265 548 olim
280 485 457 545 admodum
474 482 578 560 utiles,
595 483 629 544 in
646 483 794 564 plurimis
808 482 992 562 regionibus
1006 500 1070 544 non
1084 481 1174 544 inte-

188 600 244 662 gre
256 581 474 644 observantur.
492 581 569 642 Gom
585 586 694 642 nostra
715 586 807 642 aetate
831 579 997 642 criminosi
1018 595 1082 640 non
1102 581 1174 640 tam

188 678 274 760 gravi
289 677 476 740 coercitioni
490 673 685 757 subjaceant,
707 677 792 739 istud
808 675 1008 756 privilegium
1030 692 1068 737 ex
1091 692 1174 737 con·

189 792 282 837 sensu
292 777 417 837 Sanctae
432 775 523 837 Sedis
538 777 577 836 ad
591 776 744 838 arctiores
756 776 874 838 limites
888 779 1067 837 revocatur.

229 877 379 935 Attamen
389 890 452 934 non
461 873 538 936 licet
545 873 624 934 illud
636 891 763 952 prorsus
773 873 936 953 abrogare,
945 889 1018 934 nam
1026 869 1177 934 ecclesiis

188 969 374 1034 naturaliter
387 970 517 1031 aliixum
533 975 592 1031 est.
603 970 703 1049 Igitur
712 973 902 1032 servandum
916 974 974 1046 est,
996 989 1011 1026 (ι
1035 986 1058 1029 n
1073 986 1174 1046 quan·

189 1074 258 1132 tum
273 1069 304 1129 id
323 1068 453 1146 publica
467 1066 621 1130 securitas
636 1073 668 1130 et
681 1086 728 1145 ea,
745 1085 816 1147 qnae
829 1068 954 1148 justitia
968 1066 1075 1146 exigit,
1099 1064 1174 1128 fieri

190 1165 295 1227 sinant
308 1164 360 1244 (l).
377 1187 393 1224 u

446 1360 489 1411 lv.
500 1385 530 1398 -
543 1360 720 1412 Reconciliatio
731 1362 901 1414 ecelesiarum.

228 1514 392 1578 Interdum
415 1513 622 1576 ecclesiarum
636 1531 716 1577 nova
740 1515 978 1578 consecratione
993 1515 1040 1577 vel
1058 1515 1176 1576 saltem

190 1608 448 1672 reconciliatione
470 1628 549 1689 opus
572 1616 630 1688 est,
648 1629 771 1691 wnempe
786 1615 914 1694 quando
933 1613 981 1676 vel
1005 1615 1179 1673 execratur

188 1706 238 1767 vel
251 1705 419 1785 polluitur.

1229 1767 1238 1794 t

226 1840 251 1893 l.
267 1837 376 1902 Quibus
390 1839 502 1895 casibus
517 1840 639 1898 eeclesia
653 1845 815 1900 execretur.

224 1929 252 1982 2.
268 1925 376 1991 Quibus
390 1929 503 1986 casibus
514 1929 635 1987 ecclesio
648 1929 806 2002 polluatur.

225 2017 251 2069 3.
267 2015 417 2100 Quomodo
430 2018 550 2075 ecclesia
564 2019 599 2076 sit
611 2019 835 2076 reconcilianda.

419 2210 440 2258 1.
456 2207 553 2266 Quibus
562 2207 660 2258 casibus
669 2207 773 2258 ccclesia
784 2213 924 2259 execretur.

230 2360 254 2422 l.
266 2359 432 2422 Execratio
446 2360 588 2424 ecclesiae
602 2361 725 2424 duobus
735 2363 840 2448 modis
848 2366 954 2441 potest
963 2359 1174 2440 contingere:

230 2460 258 2519 l.
280 2459 413 2530 Quando
424 2460 558 2522 ecclesia
571 2459 721 2522 incendio
736 2459 780 2523 ita
794 2460 947 2535 exuritur,
962 2463 997 2520 ut
1009 2458 1174 2538 parietum

189 2559 295 2618 crusta
313 2555 449 2619 interior
469 2557 583 2636 majori
601 2574 639 2619 ex
652 2563 741 2636 parte
754 2558 895 2620 tollatur.
911 2555 1039 2619 Etenim
1058 2572 1177 2617 eonse-

189 2651 288 2714 cratio
300 2653 447 2715 consistit
460 2654 492 2714 in
505 2654 673 2733 superficie
687 2655 856 2733 parietum,
877 2655 932 2733 qui
954 2650 1105 2716 crucibus
1129 2651 1179 2714 si-

189 2755 324 2827 gnantur
336 2757 368 2813 et
383 2750 556 2814 chrismate
571 2750 737 2814 liniuntur.

227 2849 258 2908 E.
281 2847 382 2910 Multo
397 2847 497 2927 magis
520 2851 844 2925 execraturecclesia‚
869 2850 997 2929 quando
1015 2852 1176 2910 corruunt

188 2939 249 3021 ipsi
261 2944 397 3022 parietes
412 2946 527 3008 saltem
543 2963 582 3008 ex
594 2946 715 3025 majore
727 2948 776 3008 sui
791 2952 892 3027 parte.

227 3040 266 3100 ll.
280 3041 421 3102 Ecclesia
437 3043 525 3122 prius
538 3044 654 3118 diruta,
673 3062 744 3122 quaa
760 3061 798 3105 cx
813 3047 926 3106 eadem
947 3063 1080 3125 prorsus
1102 3064 1175 3109 ma-

188 3135 268 3197 teria
293 3137 332 3198 de
357 3156 440 3200 novo
466 3141 648 3214 exstruitur,
666 3158 747 3202 nova
771 3143 1013 3204 consecratione
1028 3143 1171 3224 indiget.

189 3231 281 3294 Ratio
297 3237 354 3308 est,
372 3236 446 3312 quia
463 3238 603 3316 priorem
615 3236 723 3300 amisit
734 3239 882 3316 sormam,
897 3239 949 3302 cui
970 3241 1179 3304 consecratio

189 3328 380 3405 inbaerebat;
395 3350 476 3394 nova
491 3335 577 3396 enim
593 3332 744 3398 cense‘tur
756 3337 882 3398 domus.

202 3431 205 3438 '
228 3425 266 3487 ΙΙ.
284 3425 318 3488 Si
332 3433 437 3504 partas
451 3431 603 3494 Ecclesia
625 3431 802 3496 successive
814 3440 1013 3514 reparentur,
1030 3453 1099 3498 non
1117 3437 1178 3500 de·

221 3585 253 3647 (1)
263 3584 445 3639 concordatum
460 3591 628 3654 tusculanum,
640 3598 690 3644 art.
705 3595 744 3646 15.
