2618 4252
193 311 196 332 ι
225 295 279 342 ³08
390 295 547 342 exeosrrlo
568 295 745 342 METEODIGA
765 296 849 342 tems
871 296 1027 342 cartorum.

578 521 797 577 ARTIGULUS
816 522 845 576 ll

261 697 391 738 retunsus
411 675 540 736 ECCLESIAE
558 697 646 744 ΟΠΟΔΙ)
660 697 815 737 seclusum
833 697 933 738 arvitus
951 697 1170 738 carnoucoaml.

208 830 212 837 ¹
258 855 273 918 ἓ
289 855 315 908 1.
331 850 490 922 Exponitur
501 864 602 906 sensus
613 850 789 922 questionis.

257 939 313 1011 §2
329 939 532 996 Subordinatio
551 937 692 994 societatis
710 939 803 995 civilis
820 939 1033 1010 catholicorum
1047 939 1086 996 ad
1111 939 1210 998 Eccle-

222 1042 323 1171 smmi.
338 1113 493 1170 Corollaria
505 1113 541 1170 de
553 1118 692 1186 potestate
706 1114 849 1172 indirecta
861 1115 1001 1170 Ecclesia.

409 1303 424 1366 ς
438 1302 465 1355 1.
477 1331 508 1340 -
521 1302 675 1368 Exponitur
686 1317 786 1356 seusus
798 1303 959 1369 questions
971 1303 1015 1365 (11.

263 1461 286 1520 l.
302 1458 497 1528 societatum
514 1457 655 1520 civilium
667 1459 783 1538 triplex
798 1460 920 1539 species
932 1465 1079 1538 respectu
1094 1459 1204 1521 Eccle-

224 1557 278 1618 siae
297 1554 513 1634 distinguitur.
536 1557 687 1628 Quaedam
702 1557 788 1618 enim
809 1555 848 1617 ab
870 1542 935 1637 ejus
956 1560 1118 1636 potestate
1138 1556 1204 1618 iere

162 1644 164 1648 ’
224 1653 356 1742 omnino
373 1652 572 1729 eximuntur3
595 1670 705 1732 eaeque
726 1659 800 1716 sunt
819 1654 985 1716 societates
1006 1653 1117 1715 civiles
1133 1653 1203 1734 infi-

221 1749 338 1812 delium.
352 1750 503 1821 Quaedam
515 1740 645 1829 quidem
655 1752 803 1829 potestati
813 1753 962 1814 Ecclesiae
974 1751 1200 1830 subjiciuntur,

223 1849 277 1908 sed
290 1846 330 1908 ah
345 1864 382 1908 ea
394 1851 548 1926 separatae
563 1853 646 1923 sunt,
663 1848 812 1911 videlicet
826 1850 991 1911 societates
1007 1847 1202 1909 schismatico-

223 1964 289 2005 rum
308 1948 339 2006 et
352 1943 569 2008 hereticorum.
591 1946 742 2018 Quaedam
757 1951 864 2008 autem
879 1963 953 2006 cum
968 1945 1112 2006 Ecclesia
1126 1935 1223 2007 con-'

219 2043 337 2120 junctae
349 2042 409 2103 rite
422 2048 505 2117 sunt,
519 2043 622 2122 eique,
636 2048 670 2104 ut
680 2061 738 2121 par
748 2048 806 2120 est,
817 2043 990 2117 obediunt3
1006 2060 1118 2121 eaeque
1130 2049 1202 2105 sunt

222 2139 329 2201 civiles
343 2137 549 2200 catholicorum
561 2138 740 2214 societates,
756 2140 795 2200 de
811 2137 925 2218 quibus
940 2139 992 2202 hic
1006 2140 1122 2219 agitur.

262 2236 300 2296 ll.
320 2236 476 2307 Quaeritur
495 2242 602 2298 utrum
621 2221 764 2299 Ecclesia
785 2255 851 2316 prae
875 2238 1025 2300 societate
1045 2237 1133 2297 civili
1151 2253 1214 2298 so-.
1289 2267 1290 2296 1

222 2331 318 2393 cietas
342 2333 443 2411 major
462 2333 609 2394 habenda
635 2333 686 2396 sit.
706 2335 853 2395 Jamvero
880 2333 1041 2414 majoritas
1066 2332 1199 2412 alicujus
1289 2321 1290 2332 ’

221 2427 381 2492 societatis
396 2448 461 2508 prae
481 2430 541 2491 alia
560 2430 678 2509 triplici
695 2431 792 2491 modo
808 2429 935 2509 concipi
950 2435 1055 2508 potest
1072 2449 1079 2491 :
1163 2453 1165 2456 ·

263 2531 292 2589 1.
306 2529 349 2589 Ut
359 2527 418 2589 iste
433 2527 588 2606 primatus
602 2527 644 2587 sit
656 2527 819 2606 sejunctus
829 2525 869 2587 ah
882 2527 969 2588 omni
978 2526 1200 2606 jurisdictione

131 2617 133 2622 ’
220 2624 255 2685 in
282 2625 465 2686 societatem
491 2624 687 2700 interiorem,
716 2624 817 2685 itaut
844 2623 992 2703 injuriam
1013 2625 1082 2686 haeo
1107 2624 1201 2684 faciat

220 2723 365 2785 societati
381 2722 546 2802 superiori,
564 2723 590 2783 si
601 2739 674 2783 eum
687 2723 793 2797 laedat,
809 2723 864 2782 sed
878 2721 1021 2784 coerceri
1035 2721 1200 2782 abeodem

218 2819 405 2881 auctoritate
428 2820 556 2899 propria
579 2837 645 2880 non
664 2820 776 2898 possit.
804 2819 963 2899 Majoritas
984 2819 1153 2899 ejusmodi,
1172 2818 1200 2878 si

217 2917 416 2980 admittenda
431 2924 525 2990 esset,
542 2918 580 2977 ad
597 2917 882 2980 extraordinariam
897 2917 953 2978 Dei
969 2913 1201 2994 providentiam

219 3015 406 3093 pertineret.

256 3117 285 3175 2.
300 3115 342 3175 Ut
354 3113 508 3192 primatus
523 3113 564 3174 sit
577 3113 766 3192 conjunctus
780 3129 854 3173 cum
866 3115 953 3173 tanta
961 3111 1198 3191 jurisdictione,

219 3209 257 3271 ad
280 3227 376 3289 quam
398 3211 555 3289 pertineat
577 3211 763 3272 inferiorem
786 3209 971 3271 societatem
993 3209 1027 3268 in
1052 3208 1200 3270 omnibus

219 3306 314 3368 rebus
334 3325 454 3386 regere.
476 3310 551 3370 Haec
571 3308 734 3388 majoritas
756 3307 912 3385 competit
925 3307 1078 3392 Ecclesiae
1094 3306 1199 3386 quoad

252 3465 288 3525 (1)
303 3464 415 3527 Phittipr,
434 3466 474 3514 Du
493 3464 563 3514 droti
584 3465 767 3532 ecclesiastieae
785 3464 849 3515 dans
865 3480 904 3515 aes
921 3465 1049 3542 principes
1062 3466 1199 3530 partemue,

218 3543 424 3605 altahensi,
446 3543 460 3606 ξ
486 3547 541 3595 115.
569 3571 601 3583 -
620 3547 732 3607 Audisio,
754 3546 828 3594 Droit
842 3543 930 3609 public
945 3545 975 3594 da
997 3543 1116 3608 t’quire,
1131 3550 1151 3592 t.
1168 3543 1199 3601 11,

219 3623 263 3673 tit.
279 3637 326 3674 xri.
