<?xml version="1.0" encoding="UTF-8"?>
<!DOCTYPE html PUBLIC "-//W3C//DTD XHTML 1.0 Transitional//EN"
    "http://www.w3.org/TR/xhtml1/DTD/xhtml1-transitional.dtd">
<html xmlns="http://www.w3.org/1999/xhtml" xml:lang="en" lang="en">
 <head>
  <title>
</title>
<meta http-equiv="Content-Type" content="text/html;charset=utf-8" />
  <meta name='ocr-system' content='tesseract 3.04.00' />
  <meta name='ocr-capabilities' content='ocr_page ocr_carea ocr_par ocr_line ocrx_word'/>
</head>
<body>
  <div class='ocr_page' id='page_1' title='image "./expositiomethod01hugugoog_0043.png"; bbox 0 0 2594 4286; ppageno 0'>
   <div class='ocr_carea' id='block_1_1' title="bbox 178 260 977 310">
    <p class='ocr_par' dir='ltr' id='par_1_1' title="bbox 178 260 977 310">
     <span class='ocr_line' id='line_1_1' title="bbox 178 260 977 310; baseline 0 -2"><span class='ocrx_word' id='word_1_1' title='bbox 178 263 213 308; x_wconf 63' lang='grc' dir='ltr'>ΒΩ</span> <span class='ocrx_word' id='word_1_2' title='bbox 341 263 500 310; x_wconf 76' lang='grc' dir='ltr'><strong>ΕΧΡο81Τ10</strong></span> <span class='ocrx_word' id='word_1_3' title='bbox 520 261 696 309; x_wconf 66' lang='lat' dir='ltr'>borbonius</span> <span class='ocrx_word' id='word_1_4' title='bbox 717 261 800 307; x_wconf 77' lang='lat' dir='ltr'>tulus</span> <span class='ocrx_word' id='word_1_5' title='bbox 822 260 977 308; x_wconf 73' lang='lat' dir='ltr'>canoaldi.</span> 
     </span>
    </p>
   </div>
   <div class='ocr_carea' id='block_1_2' title="bbox 427 457 893 528">
    <p class='ocr_par' dir='ltr' id='par_1_2' title="bbox 427 457 893 528">
     <span class='ocr_line' id='line_1_2' title="bbox 427 457 893 528; baseline -0.004 -15"><span class='ocrx_word' id='word_1_6' title='bbox 427 461 442 524; x_wconf 67' lang='grc' dir='ltr'><strong>ἓ</strong></span> <span class='ocrx_word' id='word_1_7' title='bbox 453 460 478 513; x_wconf 83' lang='grc'>3.</span> <span class='ocrx_word' id='word_1_8' title='bbox 491 489 522 500; x_wconf 95' lang='lat'><em>-</em></span> <span class='ocrx_word' id='word_1_9' title='bbox 537 459 720 516; x_wconf 80' lang='lat' dir='ltr'>observantia</span> <span class='ocrx_word' id='word_1_10' title='bbox 730 457 858 526; x_wconf 71' lang='lat' dir='ltr'>regule(</span> <span class='ocrx_word' id='word_1_11' title='bbox 874 461 893 528; x_wconf 91' lang='lat'>).</span> 
     </span>
    </p>
   </div>
   <div class='ocr_carea' id='block_1_3' title="bbox 105 616 1156 2163">
    <p class='ocr_par' dir='ltr' id='par_1_3' title="bbox 105 616 1154 1188">
     <span class='ocr_line' id='line_1_3' title="bbox 213 616 1154 697; baseline -0.001 -20"><span class='ocrx_word' id='word_1_12' title='bbox 213 616 388 697; x_wconf 87' lang='lat' dir='ltr'>Religiosus</span> <span class='ocrx_word' id='word_1_13' title='bbox 399 616 632 697; x_wconf 90' lang='lat' dir='ltr'>transgrediens</span> <span class='ocrx_word' id='word_1_14' title='bbox 648 617 801 696; x_wconf 86' lang='lat' dir='ltr'>regulam,</span> <span class='ocrx_word' id='word_1_15' title='bbox 817 633 883 678; x_wconf 89' lang='lat' dir='ltr'>non</span> <span class='ocrx_word' id='word_1_16' title='bbox 897 633 1024 697; x_wconf 80' lang='lat' dir='ltr'><strong>semper</strong></span> <span class='ocrx_word' id='word_1_17' title='bbox 1038 620 1154 695; x_wconf 86' lang='lat' dir='ltr'>peccat</span> 
     </span>
     <span class='ocr_line' id='line_1_4' title="bbox 176 711 1153 797; baseline -0.002 -22"><span class='ocrx_word' id='word_1_18' title='bbox 176 715 368 790; x_wconf 90' lang='lat' dir='ltr'>mortaliter;</span> <span class='ocrx_word' id='word_1_19' title='bbox 385 714 502 778; x_wconf 81' lang='lat' dir='ltr'>etenim</span> <span class='ocrx_word' id='word_1_20' title='bbox 512 731 549 777; x_wconf 86' lang='lat' dir='ltr'>ea</span> <span class='ocrx_word' id='word_1_21' title='bbox 561 733 632 797; x_wconf 89' lang='lat' dir='ltr'>quae</span> <span class='ocrx_word' id='word_1_22' title='bbox 645 714 847 780; x_wconf 89' lang='lat' dir='ltr'>continentur</span> <span class='ocrx_word' id='word_1_23' title='bbox 860 711 893 774; x_wconf 90' lang='lat' dir='ltr'>in</span> <span class='ocrx_word' id='word_1_24' title='bbox 905 715 1014 794; x_wconf 88' lang='lat' dir='ltr'>regula</span> <span class='ocrx_word' id='word_1_25' title='bbox 1029 718 1060 775; x_wconf 93' lang='lat' dir='ltr'>et</span> <span class='ocrx_word' id='word_1_26' title='bbox 1075 731 1153 776; x_wconf 90' lang='lat' dir='ltr'>con-</span> 
     </span>
     <span class='ocr_line' id='line_1_5' title="bbox 105 809 1152 891; baseline -0.003 -16"><span class='ocrx_word' id='word_1_27' title='bbox 105 855 108 863; x_wconf 83' lang='lat'>·</span> <span class='ocrx_word' id='word_1_28' title='bbox 177 811 404 890; x_wconf 89' lang='lat' dir='ltr'>stitutionibus,</span> <span class='ocrx_word' id='word_1_29' title='bbox 420 813 469 875; x_wconf 91' lang='lat' dir='ltr'>vel</span> <span class='ocrx_word' id='word_1_30' title='bbox 491 818 563 874; x_wconf 87' lang='lat' dir='ltr'>sunt</span> <span class='ocrx_word' id='word_1_31' title='bbox 576 817 737 890; x_wconf 72' lang='lat' dir='ltr'>precepta</span> <span class='ocrx_word' id='word_1_32' title='bbox 751 809 921 891; x_wconf 89' lang='lat' dir='ltr'>obligantia</span> <span class='ocrx_word' id='word_1_33' title='bbox 936 810 993 872; x_wconf 89' lang='lat' dir='ltr'>sub</span> <span class='ocrx_word' id='word_1_34' title='bbox 1012 809 1152 882; x_wconf 80' lang='lat' dir='ltr'><strong>mortali,</strong></span> 
     </span>
     <span class='ocr_line' id='line_1_6' title="bbox 177 907 1151 991; baseline -0.005 -17"><span class='ocrx_word' id='word_1_35' title='bbox 177 913 223 974; x_wconf 85' lang='lat' dir='ltr'>vel</span> <span class='ocrx_word' id='word_1_36' title='bbox 240 910 409 991; x_wconf 89' lang='lat' dir='ltr'>obligantia</span> <span class='ocrx_word' id='word_1_37' title='bbox 423 912 480 982; x_wconf 90' lang='lat' dir='ltr'>sub</span> <span class='ocrx_word' id='word_1_38' title='bbox 496 909 619 985; x_wconf 88' lang='lat' dir='ltr'>veniali,</span> <span class='ocrx_word' id='word_1_39' title='bbox 634 912 683 972; x_wconf 91' lang='lat' dir='ltr'>vel</span> <span class='ocrx_word' id='word_1_40' title='bbox 699 913 814 971; x_wconf 90' lang='lat' dir='ltr'>statuta</span> <span class='ocrx_word' id='word_1_41' title='bbox 823 927 887 969; x_wconf 90' lang='lat' dir='ltr'>non</span> <span class='ocrx_word' id='word_1_42' title='bbox 905 907 1077 988; x_wconf 88' lang='lat' dir='ltr'>obligantia</span> <span class='ocrx_word' id='word_1_43' title='bbox 1093 907 1151 970; x_wconf 90' lang='lat' dir='ltr'>sub</span> 
     </span>
     <span class='ocr_line' id='line_1_7' title="bbox 178 1005 1152 1090; baseline -0.005 -18"><span class='ocrx_word' id='word_1_44' title='bbox 178 1012 281 1090; x_wconf 88' lang='lat' dir='ltr'>culpa,</span> <span class='ocrx_word' id='word_1_45' title='bbox 307 1012 362 1071; x_wconf 89' lang='lat' dir='ltr'>sed</span> <span class='ocrx_word' id='word_1_46' title='bbox 379 1010 437 1072; x_wconf 91' lang='lat' dir='ltr'>sub</span> <span class='ocrx_word' id='word_1_47' title='bbox 452 1026 557 1089; x_wconf 87' lang='lat' dir='ltr'>poena.</span> <span class='ocrx_word' id='word_1_48' title='bbox 579 1009 637 1081; x_wconf 80' lang='lat' dir='ltr'>Qui</span> <span class='ocrx_word' id='word_1_49' title='bbox 652 1009 820 1088; x_wconf 87' lang='lat' dir='ltr'>profitetur</span> <span class='ocrx_word' id='word_1_50' title='bbox 844 1005 1043 1085; x_wconf 83' lang='lat' dir='ltr'>religionem,</span> <span class='ocrx_word' id='word_1_51' title='bbox 1061 1011 1152 1068; x_wconf 80' lang='lat' dir='ltr'>vovet</span> 
     </span>
     <span class='ocr_line' id='line_1_8' title="bbox 177 1106 707 1188; baseline -0.006 -19"><span class='ocrx_word' id='word_1_52' title='bbox 177 1113 302 1169; x_wconf 88' lang='lat' dir='ltr'>tantum</span> <span class='ocrx_word' id='word_1_53' title='bbox 317 1106 446 1169; x_wconf 89' lang='lat' dir='ltr'>obedire</span> <span class='ocrx_word' id='word_1_54' title='bbox 455 1109 545 1188; x_wconf 85' lang='lat' dir='ltr'>juxta</span> <span class='ocrx_word' id='word_1_55' title='bbox 555 1107 707 1188; x_wconf 67' lang='lat' dir='ltr'>regulam,</span> 
     </span>
    </p>

    <p class='ocr_par' dir='ltr' id='par_1_4' title="bbox 110 1201 1156 2163">
     <span class='ocr_line' id='line_1_9' title="bbox 218 1201 1153 1283; baseline -0.002 -16"><span class='ocrx_word' id='word_1_56' title='bbox 218 1208 252 1267; x_wconf 90' lang='lat' dir='ltr'>ln</span> <span class='ocrx_word' id='word_1_57' title='bbox 269 1204 376 1266; x_wconf 87' lang='lat' dir='ltr'>multis</span> <span class='ocrx_word' id='word_1_58' title='bbox 396 1205 571 1280; x_wconf 82' lang='lat' dir='ltr'>ordinibus,</span> <span class='ocrx_word' id='word_1_59' title='bbox 593 1205 701 1283; x_wconf 88' lang='lat' dir='ltr'>regula</span> <span class='ocrx_word' id='word_1_60' title='bbox 717 1209 748 1265; x_wconf 88' lang='lat' dir='ltr'>et</span> <span class='ocrx_word' id='word_1_61' title='bbox 767 1201 1021 1278; x_wconf 77' lang='lat' dir='ltr'>constitutiones,</span> <span class='ocrx_word' id='word_1_62' title='bbox 1041 1219 1153 1282; x_wconf 86' lang='lat' dir='ltr'>excep-</span> 
     </span>
     <span class='ocr_line' id='line_1_10' title="bbox 110 1301 1153 1383; baseline 0.002 -21"><span class='ocrx_word' id='word_1_63' title='bbox 110 1325 117 1328; x_wconf 94' lang='lat'>·</span> <span class='ocrx_word' id='word_1_64' title='bbox 178 1301 219 1363; x_wconf 88' lang='lat' dir='ltr'>tis</span> <span class='ocrx_word' id='word_1_65' title='bbox 231 1302 311 1365; x_wconf 91' lang='lat' dir='ltr'>votis</span> <span class='ocrx_word' id='word_1_66' title='bbox 327 1309 357 1364; x_wconf 86' lang='lat' dir='ltr'>at</span> <span class='ocrx_word' id='word_1_67' title='bbox 369 1302 550 1383; x_wconf 74' lang='lat' dir='ltr'>praeceptis,</span> <span class='ocrx_word' id='word_1_68' title='bbox 573 1319 637 1362; x_wconf 90' lang='lat' dir='ltr'>nou</span> <span class='ocrx_word' id='word_1_69' title='bbox 659 1301 802 1381; x_wconf 88' lang='lat' dir='ltr'>ohligant</span> <span class='ocrx_word' id='word_1_70' title='bbox 817 1301 913 1364; x_wconf 90' lang='lat' dir='ltr'>etiam</span> <span class='ocrx_word' id='word_1_71' title='bbox 923 1301 981 1362; x_wconf 92' lang='lat' dir='ltr'>sub</span> <span class='ocrx_word' id='word_1_72' title='bbox 994 1303 1088 1380; x_wconf 91' lang='lat' dir='ltr'>culpa</span> <span class='ocrx_word' id='word_1_73' title='bbox 1100 1319 1153 1364; x_wconf 91' lang='lat' dir='ltr'>ve-</span> 
     </span>
     <span class='ocr_line' id='line_1_11' title="bbox 178 1396 1155 1478; baseline 0.001 -19"><span class='ocrx_word' id='word_1_74' title='bbox 178 1399 263 1461; x_wconf 90' lang='lat' dir='ltr'>niali.</span> <span class='ocrx_word' id='word_1_75' title='bbox 292 1403 439 1462; x_wconf 81' lang='lat' dir='ltr'>Attamen</span> <span class='ocrx_word' id='word_1_76' title='bbox 463 1396 605 1478; x_wconf 88' lang='lat' dir='ltr'>quamvis</span> <span class='ocrx_word' id='word_1_77' title='bbox 625 1396 831 1477; x_wconf 89' lang='lat' dir='ltr'>transgressio</span> <span class='ocrx_word' id='word_1_78' title='bbox 843 1399 1024 1477; x_wconf 90' lang='lat' dir='ltr'>regularum</span> <span class='ocrx_word' id='word_1_79' title='bbox 1038 1397 1155 1460; x_wconf 90' lang='lat' dir='ltr'>nonsit</span> 
     </span>
     <span class='ocr_line' id='line_1_12' title="bbox 179 1495 1154 1577; baseline -0.001 -19"><span class='ocrx_word' id='word_1_80' title='bbox 179 1502 345 1577; x_wconf 87' lang='lat' dir='ltr'>peecatum</span> <span class='ocrx_word' id='word_1_81' title='bbox 353 1496 474 1560; x_wconf 89' lang='lat' dir='ltr'>veniale</span> <span class='ocrx_word' id='word_1_82' title='bbox 485 1513 522 1558; x_wconf 90' lang='lat' dir='ltr'>ex</span> <span class='ocrx_word' id='word_1_83' title='bbox 535 1512 650 1576; x_wconf 82' lang='lat' dir='ltr'>genere</span> <span class='ocrx_word' id='word_1_84' title='bbox 666 1513 723 1555; x_wconf 91' lang='lat' dir='ltr'>suo</span> <span class='ocrx_word' id='word_1_85' title='bbox 737 1513 793 1558; x_wconf 90' lang='lat' dir='ltr'>seu</span> <span class='ocrx_word' id='word_1_86' title='bbox 803 1514 841 1555; x_wconf 82' lang='lat' dir='ltr'>ec</span> <span class='ocrx_word' id='word_1_87' title='bbox 848 1505 940 1576; x_wconf 80' lang='lat' dir='ltr'>parte</span> <span class='ocrx_word' id='word_1_88' title='bbox 952 1495 1056 1576; x_wconf 75' lang='lat' dir='ltr'>operti,</span> <span class='ocrx_word' id='word_1_89' title='bbox 1069 1512 1154 1575; x_wconf 88' lang='lat' dir='ltr'>saepe</span> 
     </span>
     <span class='ocr_line' id='line_1_13' title="bbox 177 1593 1155 1675; baseline -0.002 -19"><span class='ocrx_word' id='word_1_90' title='bbox 177 1600 283 1673; x_wconf 91' lang='lat' dir='ltr'>potest</span> <span class='ocrx_word' id='word_1_91' title='bbox 294 1612 361 1657; x_wconf 89' lang='lat' dir='ltr'>esse</span> <span class='ocrx_word' id='word_1_92' title='bbox 371 1595 464 1673; x_wconf 85' lang='lat' dir='ltr'>eulpa</span> <span class='ocrx_word' id='word_1_93' title='bbox 478 1613 515 1656; x_wconf 82' lang='lat' dir='ltr'>ec</span> <span class='ocrx_word' id='word_1_94' title='bbox 532 1603 619 1675; x_wconf 83' lang='lat' dir='ltr'>parte</span> <span class='ocrx_word' id='word_1_95' title='bbox 631 1594 788 1674; x_wconf 76' lang='lat' dir='ltr'>operantis,</span> <span class='ocrx_word' id='word_1_96' title='bbox 806 1593 929 1657; x_wconf 88' lang='lat' dir='ltr'>scilicet</span> <span class='ocrx_word' id='word_1_97' title='bbox 939 1612 977 1655; x_wconf 87' lang='lat' dir='ltr'>ex</span> <span class='ocrx_word' id='word_1_98' title='bbox 990 1593 1155 1673; x_wconf 87' lang='lat' dir='ltr'>negligen-</span> 
     </span>
     <span class='ocr_line' id='line_1_14' title="bbox 177 1690 1156 1771; baseline 0 -19"><span class='ocrx_word' id='word_1_99' title='bbox 177 1690 231 1766; x_wconf 86' lang='lat' dir='ltr'>tia,</span> <span class='ocrx_word' id='word_1_100' title='bbox 247 1693 294 1754; x_wconf 91' lang='lat' dir='ltr'>vel</span> <span class='ocrx_word' id='word_1_101' title='bbox 307 1691 450 1766; x_wconf 89' lang='lat' dir='ltr'>libidine,</span> <span class='ocrx_word' id='word_1_102' title='bbox 466 1692 516 1755; x_wconf 88' lang='lat' dir='ltr'>vel</span> <span class='ocrx_word' id='word_1_103' title='bbox 528 1697 727 1770; x_wconf 85' lang='lat' dir='ltr'>contemptu.</span> <span class='ocrx_word' id='word_1_104' title='bbox 750 1690 887 1756; x_wconf 82' lang='lat' dir='ltr'>violatio</span> <span class='ocrx_word' id='word_1_105' title='bbox 898 1693 1017 1771; x_wconf 73' lang='lat' dir='ltr'>regule</span> <span class='ocrx_word' id='word_1_106' title='bbox 1031 1693 1067 1753; x_wconf 89' lang='lat' dir='ltr'>fit</span> <span class='ocrx_word' id='word_1_107' title='bbox 1082 1709 1156 1770; x_wconf 88' lang='lat' dir='ltr'>gra-</span> 
     </span>
     <span class='ocr_line' id='line_1_15' title="bbox 177 1786 1155 1868; baseline -0.001 -18"><span class='ocrx_word' id='word_1_108' title='bbox 177 1787 243 1850; x_wconf 88' lang='lat' dir='ltr'>vius</span> <span class='ocrx_word' id='word_1_109' title='bbox 259 1789 490 1868; x_wconf 88' lang='lat' dir='ltr'>peccaminosa,</span> <span class='ocrx_word' id='word_1_110' title='bbox 503 1791 552 1852; x_wconf 90' lang='lat' dir='ltr'>vel</span> <span class='ocrx_word' id='word_1_111' title='bbox 564 1790 639 1850; x_wconf 94' lang='lat' dir='ltr'>dum</span> <span class='ocrx_word' id='word_1_112' title='bbox 651 1787 775 1851; x_wconf 86' lang='lat' dir='ltr'>inducit</span> <span class='ocrx_word' id='word_1_113' title='bbox 787 1789 819 1850; x_wconf 93' lang='lat' dir='ltr'>iu</span> <span class='ocrx_word' id='word_1_114' title='bbox 832 1789 1010 1868; x_wconf 88' lang='lat' dir='ltr'>periculum</span> <span class='ocrx_word' id='word_1_115' title='bbox 1025 1786 1155 1851; x_wconf 87' lang='lat' dir='ltr'>labendi</span> 
     </span>
     <span class='ocr_line' id='line_1_16' title="bbox 178 1885 1155 1968; baseline 0.002 -20"><span class='ocrx_word' id='word_1_116' title='bbox 178 1886 210 1948; x_wconf 89' lang='lat' dir='ltr'>in</span> <span class='ocrx_word' id='word_1_117' title='bbox 227 1892 394 1965; x_wconf 90' lang='lat' dir='ltr'>peccatum</span> <span class='ocrx_word' id='word_1_118' title='bbox 409 1889 552 1962; x_wconf 87' lang='lat' dir='ltr'>mortale,</span> <span class='ocrx_word' id='word_1_119' title='bbox 568 1888 617 1948; x_wconf 90' lang='lat' dir='ltr'>vel</span> <span class='ocrx_word' id='word_1_120' title='bbox 635 1888 712 1948; x_wconf 90' lang='lat' dir='ltr'>dum</span> <span class='ocrx_word' id='word_1_121' title='bbox 726 1885 821 1950; x_wconf 89' lang='lat' dir='ltr'>inlert</span> <span class='ocrx_word' id='word_1_122' title='bbox 832 1906 924 1968; x_wconf 88' lang='lat' dir='ltr'>grave</span> <span class='ocrx_word' id='word_1_123' title='bbox 938 1890 1155 1950; x_wconf 86' lang='lat' dir='ltr'>damnumre·</span> 
     </span>
     <span class='ocr_line' id='line_1_17' title="bbox 179 1983 1154 2064; baseline 0.002 -18"><span class='ocrx_word' id='word_1_124' title='bbox 179 1983 301 2060; x_wconf 85' lang='lat' dir='ltr'>ligiosae</span> <span class='ocrx_word' id='word_1_125' title='bbox 319 1983 507 2064; x_wconf 73' lang='lat' dir='ltr'>discipline,</span> <span class='ocrx_word' id='word_1_126' title='bbox 532 1985 580 2046; x_wconf 90' lang='lat' dir='ltr'>vel</span> <span class='ocrx_word' id='word_1_127' title='bbox 605 2001 711 2046; x_wconf 87' lang='lat' dir='ltr'>secum</span> <span class='ocrx_word' id='word_1_128' title='bbox 734 1983 832 2048; x_wconf 86' lang='lat' dir='ltr'>trahit</span> <span class='ocrx_word' id='word_1_129' title='bbox 851 1985 916 2048; x_wconf 92' lang='lat' dir='ltr'>voti</span> <span class='ocrx_word' id='word_1_130' title='bbox 937 1984 1154 2064; x_wconf 86' lang='lat' dir='ltr'>violationem,</span> 
     </span>
     <span class='ocr_line' id='line_1_18' title="bbox 180 2080 745 2163; baseline 0.005 -20"><span class='ocrx_word' id='word_1_131' title='bbox 180 2083 228 2144; x_wconf 89' lang='lat' dir='ltr'>vel</span> <span class='ocrx_word' id='word_1_132' title='bbox 244 2081 429 2163; x_wconf 87' lang='lat' dir='ltr'>religiosum</span> <span class='ocrx_word' id='word_1_133' title='bbox 442 2080 571 2162; x_wconf 83' lang='lat' dir='ltr'>exponit</span> <span class='ocrx_word' id='word_1_134' title='bbox 586 2080 745 2160; x_wconf 86' lang='lat' dir='ltr'>ejectioni.</span> 
     </span>
    </p>
   </div>
   <div class='ocr_carea' id='block_1_4' title="bbox 329 2285 1015 2354">
    <p class='ocr_par' dir='ltr' id='par_1_5' title="bbox 329 2285 1015 2354">
     <span class='ocr_line' id='line_1_19' title="bbox 329 2285 1015 2354; baseline 0.003 -14"><span class='ocrx_word' id='word_1_135' title='bbox 329 2287 346 2351; x_wconf 69' lang='lat'><strong>5</strong></span> <span class='ocrx_word' id='word_1_136' title='bbox 360 2287 386 2340; x_wconf 76' lang='lat' dir='ltr'>l.</span> <span class='ocrx_word' id='word_1_137' title='bbox 402 2314 433 2328; x_wconf 97' lang='lat'>-</span> <span class='ocrx_word' id='word_1_138' title='bbox 448 2285 637 2353; x_wconf 71' lang='lat' dir='ltr'>obligationes</span> <span class='ocrx_word' id='word_1_139' title='bbox 646 2285 734 2338; x_wconf 82' lang='lat' dir='ltr'>statui</span> <span class='ocrx_word' id='word_1_140' title='bbox 748 2287 880 2354; x_wconf 80' lang='lat' dir='ltr'>ralipirro</span> <span class='ocrx_word' id='word_1_141' title='bbox 892 2288 1015 2342; x_wconf 69' lang='lat' dir='ltr'>adnexa.</span> 
     </span>
    </p>
   </div>
   <div class='ocr_carea' id='block_1_5' title="bbox 182 2444 1159 2704">
    <p class='ocr_par' dir='ltr' id='par_1_6' title="bbox 182 2444 1159 2704">
     <span class='ocr_line' id='line_1_20' title="bbox 222 2444 1154 2529; baseline 0.006 -23"><span class='ocrx_word' id='word_1_142' title='bbox 222 2444 411 2526; x_wconf 88' lang='lat' dir='ltr'>Hujusmodi</span> <span class='ocrx_word' id='word_1_143' title='bbox 434 2445 641 2525; x_wconf 84' lang='lat' dir='ltr'>obligationes</span> <span class='ocrx_word' id='word_1_144' title='bbox 663 2451 753 2508; x_wconf 87' lang='lat' dir='ltr'>sunt:</span> <span class='ocrx_word' id='word_1_145' title='bbox 781 2449 812 2508; x_wconf 75' lang='lat'>1⁰</span> <span class='ocrx_word' id='word_1_146' title='bbox 832 2447 957 2510; x_wconf 86' lang='lat' dir='ltr'>habitus</span> <span class='ocrx_word' id='word_1_147' title='bbox 977 2447 1154 2529; x_wconf 88' lang='lat' dir='ltr'>religiosus.</span> 
     </span>
     <span class='ocr_line' id='line_1_21' title="bbox 182 2542 1159 2624; baseline 0.002 -18"><span class='ocrx_word' id='word_1_148' title='bbox 182 2578 221 2593; x_wconf 91' lang='lat'>-·-</span> <span class='ocrx_word' id='word_1_149' title='bbox 235 2548 266 2606; x_wconf 73' lang='lat'>2⁰</span> <span class='ocrx_word' id='word_1_150' title='bbox 293 2542 440 2606; x_wconf 82' lang='lat' dir='ltr'>Officium</span> <span class='ocrx_word' id='word_1_151' title='bbox 464 2542 606 2606; x_wconf 90' lang='lat' dir='ltr'>divinum</span> <span class='ocrx_word' id='word_1_152' title='bbox 630 2542 786 2624; x_wconf 82' lang='lat' dir='ltr'>religiosis</span> <span class='ocrx_word' id='word_1_153' title='bbox 815 2545 914 2608; x_wconf 88' lang='lat' dir='ltr'>choro</span> <span class='ocrx_word' id='word_1_154' title='bbox 945 2545 1092 2610; x_wconf 88' lang='lat' dir='ltr'>addictis.</span> <span class='ocrx_word' id='word_1_155' title='bbox 1117 2581 1159 2594; x_wconf 91' lang='lat'><em>-</em></span> 
     </span>
     <span class='ocr_line' id='line_1_22' title="bbox 183 2643 388 2704; baseline 0 0"><span class='ocrx_word' id='word_1_156' title='bbox 183 2645 214 2704; x_wconf 83' lang='lat'>3⁰</span> <span class='ocrx_word' id='word_1_157' title='bbox 231 2643 388 2704; x_wconf 75' lang='lat' dir='ltr'>clausura..</span> 
     </span>
    </p>
   </div>
   <div class='ocr_carea' id='block_1_6' title="bbox 491 2809 849 2877">
    <p class='ocr_par' dir='ltr' id='par_1_7' title="bbox 491 2809 849 2877">
     <span class='ocr_line' id='line_1_23' title="bbox 491 2809 849 2877; baseline 0.006 -16"><span class='ocrx_word' id='word_1_158' title='bbox 491 2809 528 2861; x_wconf 85' lang='lat' dir='ltr'>Da</span> <span class='ocrx_word' id='word_1_159' title='bbox 538 2811 660 2862; x_wconf 81' lang='lat' dir='ltr'>clausura</span> <span class='ocrx_word' id='word_1_160' title='bbox 672 2811 698 2860; x_wconf 90' lang='lat' dir='ltr'>ln</span> <span class='ocrx_word' id='word_1_161' title='bbox 713 2810 796 2874; x_wconf 84' lang='lat' dir='ltr'>spacia</span> <span class='ocrx_word' id='word_1_162' title='bbox 807 2811 849 2877; x_wconf 82' lang='lat'><strong>(2).</strong></span> 
     </span>
    </p>
   </div>
   <div class='ocr_carea' id='block_1_7' title="bbox 183 2979 1161 3451">
    <p class='ocr_par' dir='ltr' id='par_1_8' title="bbox 183 2979 1161 3451">
     <span class='ocr_line' id='line_1_24' title="bbox 222 2979 1160 3061; baseline 0.003 -19"><span class='ocrx_word' id='word_1_163' title='bbox 222 2979 382 3061; x_wconf 87' lang='lat' dir='ltr'>Regularis</span> <span class='ocrx_word' id='word_1_164' title='bbox 397 2981 542 3043; x_wconf 89' lang='lat' dir='ltr'>clausura</span> <span class='ocrx_word' id='word_1_165' title='bbox 555 2979 731 3043; x_wconf 82' lang='lat' dir='ltr'>formaliter</span> <span class='ocrx_word' id='word_1_166' title='bbox 741 2985 866 3060; x_wconf 92' lang='lat' dir='ltr'>sumpta</span> <span class='ocrx_word' id='word_1_167' title='bbox 881 2985 928 3044; x_wconf 91' lang='lat' dir='ltr'>est</span> <span class='ocrx_word' id='word_1_168' title='bbox 941 2983 992 3044; x_wconf 83' lang='lat' dir='ltr'>lex</span> <span class='ocrx_word' id='word_1_169' title='bbox 1006 2983 1160 3047; x_wconf 84' lang='lat' dir='ltr'>canoniea</span> 
     </span>
     <span class='ocr_line' id='line_1_25' title="bbox 186 3077 1160 3160; baseline 0.004 -20"><span class='ocrx_word' id='word_1_170' title='bbox 186 3077 337 3160; x_wconf 90' lang='lat' dir='ltr'>qualiber</span> <span class='ocrx_word' id='word_1_171' title='bbox 349 3078 508 3158; x_wconf 89' lang='lat' dir='ltr'>ingressus</span> <span class='ocrx_word' id='word_1_172' title='bbox 527 3084 729 3141; x_wconf 87' lang='lat' dir='ltr'>externorum</span> <span class='ocrx_word' id='word_1_173' title='bbox 744 3077 776 3140; x_wconf 93' lang='lat' dir='ltr'>in</span> <span class='ocrx_word' id='word_1_174' title='bbox 798 3080 1036 3156; x_wconf 87' lang='lat' dir='ltr'>monasterium,</span> <span class='ocrx_word' id='word_1_175' title='bbox 1051 3082 1160 3144; x_wconf 88' lang='lat' dir='ltr'>etvice</span> 
     </span>
     <span class='ocr_line' id='line_1_26' title="bbox 184 3175 1161 3256; baseline 0 -15"><span class='ocrx_word' id='word_1_176' title='bbox 184 3193 273 3240; x_wconf 89' lang='lat' dir='ltr'>versa</span> <span class='ocrx_word' id='word_1_177' title='bbox 287 3191 428 3255; x_wconf 89' lang='lat' dir='ltr'>egressus</span> <span class='ocrx_word' id='word_1_178' title='bbox 441 3175 640 3238; x_wconf 91' lang='lat' dir='ltr'>internorum</span> <span class='ocrx_word' id='word_1_179' title='bbox 651 3193 667 3237; x_wconf 93' lang='lat' dir='ltr'>e</span> <span class='ocrx_word' id='word_1_180' title='bbox 680 3176 874 3238; x_wconf 87' lang='lat' dir='ltr'>monasterio</span> <span class='ocrx_word' id='word_1_181' title='bbox 886 3175 1083 3256; x_wconf 88' lang='lat' dir='ltr'>prohibetur.</span> <span class='ocrx_word' id='word_1_182' title='bbox 1096 3180 1161 3241; x_wconf 88' lang='lat' dir='ltr'>lsta</span> 
     </span>
     <span class='ocr_line' id='line_1_27' title="bbox 183 3271 1159 3355; baseline 0.001 -16"><span class='ocrx_word' id='word_1_183' title='bbox 183 3278 236 3339; x_wconf 85' lang='lat' dir='ltr'>lex</span> <span class='ocrx_word' id='word_1_184' title='bbox 251 3291 360 3337; x_wconf 90' lang='lat' dir='ltr'>omncs</span> <span class='ocrx_word' id='word_1_185' title='bbox 370 3274 498 3353; x_wconf 88' lang='lat' dir='ltr'>proprie</span> <span class='ocrx_word' id='word_1_186' title='bbox 509 3273 610 3336; x_wconf 87' lang='lat' dir='ltr'>dictas</span> <span class='ocrx_word' id='word_1_187' title='bbox 625 3272 794 3355; x_wconf 86' lang='lat' dir='ltr'>religiones</span> <span class='ocrx_word' id='word_1_188' title='bbox 809 3275 882 3353; x_wconf 92' lang='lat' dir='ltr'>plus</span> <span class='ocrx_word' id='word_1_189' title='bbox 893 3271 1036 3338; x_wconf 91' lang='lat' dir='ltr'>minusve</span> <span class='ocrx_word' id='word_1_190' title='bbox 1050 3275 1159 3340; x_wconf 88' lang='lat' dir='ltr'>stricte</span> 
     </span>
     <span class='ocr_line' id='line_1_28' title="bbox 186 3369 661 3451; baseline -0.004 -15"><span class='ocrx_word' id='word_1_191' title='bbox 186 3373 294 3450; x_wconf 86' lang='lat' dir='ltr'>afficit,</span> <span class='ocrx_word' id='word_1_192' title='bbox 310 3369 487 3451; x_wconf 76' lang='lat' dir='ltr'>presertim</span> <span class='ocrx_word' id='word_1_193' title='bbox 498 3370 661 3434; x_wconf 86' lang='lat' dir='ltr'>moniales.</span> 
     </span>
    </p>
   </div>
   <div class='ocr_carea' id='block_1_8' title="bbox 214 3529 934 3674">
    <p class='ocr_par' dir='ltr' id='par_1_9' title="bbox 214 3529 934 3674">
     <span class='ocr_line' id='line_1_29' title="bbox 217 3529 741 3597; baseline -0.006 -16"><span class='ocrx_word' id='word_1_194' title='bbox 217 3532 252 3597; x_wconf 86' lang='grc'>(1)</span> <span class='ocrx_word' id='word_1_195' title='bbox 264 3531 364 3590; x_wconf 77' lang='lat' dir='ltr'>Suam,</span> <span class='ocrx_word' id='word_1_196' title='bbox 375 3529 407 3579; x_wconf 81' lang='lat' dir='ltr'>da</span> <span class='ocrx_word' id='word_1_197' title='bbox 423 3529 562 3594; x_wconf 72' lang='lat' dir='ltr'>Religione,</span> <span class='ocrx_word' id='word_1_198' title='bbox 572 3535 593 3578; x_wconf 87' lang='lat' dir='ltr'>t.</span> <span class='ocrx_word' id='word_1_199' title='bbox 612 3529 653 3590; x_wconf 85' lang='lat' dir='ltr'>lv,</span> <span class='ocrx_word' id='word_1_200' title='bbox 666 3529 709 3580; x_wconf 90' lang='lat' dir='ltr'>lib.</span> <span class='ocrx_word' id='word_1_201' title='bbox 723 3529 741 3578; x_wconf 85' lang='lat'>1.</span> 
     </span>
     <span class='ocr_line' id='line_1_30' title="bbox 214 3606 934 3674; baseline -0.003 -12"><span class='ocrx_word' id='word_1_202' title='bbox 214 3613 249 3674; x_wconf 75' lang='lat' dir='ltr'>(tl</span> <span class='ocrx_word' id='word_1_203' title='bbox 260 3611 397 3661; x_wconf 86' lang='lat' dir='ltr'>Concilium</span> <span class='ocrx_word' id='word_1_204' title='bbox 407 3611 589 3668; x_wconf 69' lang='lat' dir='ltr'>Tridentium,</span> <span class='ocrx_word' id='word_1_205' title='bbox 603 3621 662 3658; x_wconf 83' lang='lat' dir='ltr'>sess.</span> <span class='ocrx_word' id='word_1_206' title='bbox 676 3606 751 3668; x_wconf 85' lang='lat' dir='ltr'>xxv,</span> <span class='ocrx_word' id='word_1_207' title='bbox 762 3619 818 3670; x_wconf 87' lang='lat' dir='ltr'>cap.</span> <span class='ocrx_word' id='word_1_208' title='bbox 832 3620 858 3658; x_wconf 79' lang='lat' dir='ltr'>iv</span> <span class='ocrx_word' id='word_1_209' title='bbox 872 3614 898 3658; x_wconf 90' lang='lat' dir='ltr'>at</span> <span class='ocrx_word' id='word_1_210' title='bbox 909 3622 934 3660; x_wconf 82' lang='lat' dir='ltr'>v.</span> 
     </span>
    </p>
   </div>
   <div class='ocr_carea' id='block_1_9' title="bbox 0 0 1312 4286">
    <p class='ocr_par' dir='ltr' id='par_1_10' title="bbox 0 0 1312 4286">
     <span class='ocr_line' id='line_1_31' title="bbox 0 0 1312 4286; baseline 0 0"><span class='ocrx_word' id='word_1_211' title='bbox 0 0 1312 4286; x_wconf 95' lang='lat' dir='ltr'> </span> 
     </span>
    </p>
   </div>
  </div>
 </body>
</html>
