2618 4252
212 281 264 328 286
375 280 534 326 EXPOSITIO
556 280 734 327 uunfloulct
754 281 837 327 lutus
860 281 1017 327 curiosior.

210 396 385 477 Cujuslihet
408 397 569 460 societatis
592 396 672 459 ratio
693 397 769 459 inde
795 397 948 472 dimanat,
973 402 1010 459 ut
1029 396 1195 469 homines,

210 494 333 556 collatis
355 492 485 566 viribus,
503 494 651 572 quaedam
669 511 687 554 a
703 510 736 554 se
756 493 900 570 legitime
920 492 1059 571 expetita
1077 492 1195 570 acqui-

208 585 290 666 rant,
308 609 378 670 quae
394 591 452 651 soli
467 607 532 650 non
547 595 688 670 possent.
709 594 751 652 At
763 607 974 670 quecumque
992 590 1031 651 ab
1046 590 1196 651 homini-

208 688 268 751 bus
280 689 422 766 legitime
435 693 637 766 expetuntur,
658 705 695 749 ea
709 687 916 750 continentur
928 689 978 750 rel
992 696 1122 762 aeterna,
1138 689 1192 748 vel

208 786 378 865 temporali
397 785 560 846 felicitate.
586 785 684 864 Atqui
705 786 840 846 alterum
858 785 1001 846 Ecclesia
1024 785 1194 862 complec-

208 883 296 958 titur,
324 884 459 944 alterum
492 882 626 944 societas
654 881 765 944 civilis.
795 884 877 962 Ergo
906 881 990 943 binae
1016 885 1196 961 potestates

207 979 302 1043 rebus
326 981 471 1041 humanis
490 985 642 1060 praesunt.
664 982 782 1044 Verum
801 979 836 1040 in
857 981 962 1058 specie
982 980 1195 1060 expendenda

208 1083 255 1141 est
268 1076 432 1156 utriusque
451 1077 626 1140 distinctio.

248 1178 276 1236 i.
297 1173 458 1236 Soclctotcs
477 1175 575 1236 civiles
591 1183 657 1236 suut
677 1175 714 1236 ob
732 1175 868 1237 Ecclesia
885 1175 1036 1236 distincte.
1057 1175 1093 1236 Id
1111 1191 1194 1254 pro-

209 1273 303 1335 batur
314 1273 437 1348 ratione,
449 1278 518 1334 tum
531 1273 604 1352 quia
615 1273 749 1335 societas
761 1271 862 1334 civilis
874 1271 1072 1334 multitudini
1088 1271 1197 1334 homi·

206 1387 285 1432 uum
303 1376 351 1431 est
372 1369 569 1443 necessaria;
591 1373 659 1430 tum
680 1369 755 1449 quia
778 1369 916 1432 existunt
935 1369 1048 1432 diversi
1069 1369 1194 1444 Status,

207 1467 322 1546 quihus
346 1467 477 1546 siugulis
497 1471 615 1545 praeest
637 1467 852 1547 principatum
877 1472 946 1528 tum
963 1467 1037 1546 quia
1055 1467 1193 1546 politica

207 1568 346 1643 potestas
361 1565 394 1625 in
414 1581 530 1643 genere
545 1582 563 1626 a
577 1565 644 1626 Deo
657 1565 746 1626 ducit
760 1565 930 1644 originem.

142 1657 144 1660 ’
248 1661 382 1724 Accedit
402 1661 566 1722 auctoritas
579 1680 621 1722 :c
643 1663 712 1723 Duo
734 1667 818 1736 sunt,
839 1662 954 1741 quihus
970 1659 1194 1741 principaliter

208 1757 261 1818 hic
277 1759 416 1819 mundus
430 1759 570 1837 regitur:
586 1757 757 1821 auctoritas
772 1776 858 1820 sacra
873 1759 1078 1836 Pontificum,
1093 1765 1126 1822 et
1141 1776 1196 1820 re·

196 1855 285 1935 ‘galis
299 1860 437 1934 potestas
454 1856 534 1936 (1).»

247 1955 277 2014 t.
295 1953 429 2015 Ecclesia
441 1963 484 2015 cst
496 1955 615 2016 societas
626 1973 644 2014 o
657 1953 793 2016 Stolidus
809 1954 957 2016 distincto.
975 1953 1070 2016 Proh.
1087 1953 1198 2015 Primo

209 2067 248 2111 ex
263 2052 325 2112 line
347 2053 444 2113 illius.
468 2052 611 2113 Essentia
626 2053 815 2114 societatum
837 2069 875 2112 ex
896 2052 959 2112 fine
977 2067 1086 2112 earum
1104 2051 1196 2110 adae-

209 2153 307 2227 quate
331 2149 572 2224 determinatur,
591 2149 749 2229 siquidem
770 2149 841 2210 linis
860 2153 907 2210 est
928 2153 1003 2210 nota
1020 2147 1196 2210 intrinseca

210 2251 243 2308 et
255 2246 475 2322 immutabilis,
493 2266 564 2326 quae
581 2247 712 2327 singulis
731 2247 935 2310 societatibus
953 2247 994 2308 sit
1008 2245 1104 2307 unice
1116 2263 1197 2323 pro-

209 2343 289 2423 pria.
309 2345 406 2422 Atqui
426 2345 569 2406 Ecclesia
585 2351 632 2407 est
642 2345 782 2407 ‘societas
797 2363 816 2405 a
831 2345 956 2406 Christo
970 2345 1015 2405 ita
1033 2342 1194 2418 instituta,

210 2445 246 2503 ut
256 2441 405 2520 proprius
419 2441 562 2519 eJusdem
578 2442 649 2502 imis
664 2444 704 2503 sit
716 2443 844 2521 adeptio
854 2442 927 2503 vitae
943 2444 1083 2503 aeternae.
1095 2441 1197 2521 Igitur

213 2557 252 2601 ex
270 2539 333 2600 fine
348 2537 553 2616 distinguitur
567 2555 584 2599 a
600 2539 805 2606 societatibus
822 2539 979 2601 civilibus.

253 2635 396 2710 Secundo,
418 2635 560 2697 christus
577 2635 727 2697 Ecclesiae
749 2636 912 2698 commisit
930 2637 981 2716 Jus
1001 2639 1034 2697 ct
1050 2635 1195 2696 officium

214 2732 364 2807 docendi,
392 2733 612 2794 sanctificandi
638 2739 670 2796 et
697 2734 831 2812 regendi
861 2735 982 2795 fideles.
1010 2732 1109 2811 Atqui
1132 2733 1196 2793 hoc

216 2847 331 2892 munus
348 2831 454 2892 diflert
466 2831 504 2892 ab
519 2832 645 2894 actione
667 2833 828 2894 societatis
843 2833 943 2895 civilis
964 2850 1036 2911 quae
1052 2831 1199 2910 prolecto

213 2941 281 2989 non
307 2929 432 3007 accepit
456 2946 474 2988 a
494 2928 618 2991 Christo
643 2929 873 3008 magisterium,
901 2929 1127 3005 ministerium,
1147 2930 1196 2991 vel

215 3023 388 3102 imperium
402 3025 574 3104 spirituale.

258 3119 362 3198 Tertio,
381 3123 515 3184 societas
530 3122 680 3185 distincta
693 3123 825 3202 proprio
839 3123 994 3201 regimine
1008 3123 1121 3186 utitur.
1138 3125 1197 3186 At·
1219 3142 1222 3148 ·

217 3217 273 3296 qui
291 3224 375 3280 extat
390 3219 425 3278 in
439 3220 582 3280 Ecclesia
600 3221 782 3299 jurisdictio
803 3221 943 3302 propria,
965 3220 1124 3298 siquidem
1142 3238 1197 3299 po-

219 3384 333 3448 Bianclri,
347 3387 383 3436 De
394 3387 420 3436 lo
431 3388 563 3451 pulsscoce
574 3389 767 3455 recitandique,
778 3397 796 3439 t.
809 3392 829 3451 l,
841 3390 885 3440 lib.
899 3390 917 3442 1.
933 3417 963 3429 -
975 3392 1109 3454 Taparelli,
1123 3392 1200 3440 Essai

219 3463 347 3530 lictorique
367 3467 400 3515 de
420 3467 487 3516 droit
499 3469 615 3530 caturci,
636 3471 679 3521 liv.
696 3472 751 3519 ΧΗ.
767 3495 798 3508 -·
810 3470 921 3530 Audisio,
933 3471 965 3520 dc
980 3471 1042 3520 lucc
1058 3473 1156 3520 nolcroe
1169 3471 1197 3519 el

218 3543 339 3607 petilium,
350 3543 393 3593 lib.
417 3545 460 3605 lll,
473 3545 515 3595 tit.
531 3561 565 3596 x1.

248 3624 283 3686 (1)
299 3625 413 3675 Gelasius
424 3627 450 3674 P.
453 3659 463 3686 ,
475 3626 556 3688 Epist.
568 3627 604 3677 ad
614 3629 791 3692 imperatorem
801 3629 975 3691 Aeculanum,
985 3641 1051 3679 anuo
1061 3632 1117 3680 tol.
