2618 4252
207 303 258 352 m
384 304 541 351 nxrosmo
564 304 738 351 uurnofflch
758 305 841 352 tultis
863 307 1019 352 canonici.

205 422 290 484 inter
309 423 486 486 Ecclesiam
497 429 529 486 et
541 426 729 487 societatem
742 424 869 486 civilem
882 425 1073 488 catholicam
1088 443 1184 503 ragu-

204 519 313 582 lariter
326 539 394 599 praa
409 538 443 584 se
464 522 570 584 ferunt
588 522 731 583 indolem
739 520 977 602 privilegiorum.
989 521 1026 583 ld
1047 520 1183 582 infertur

206 635 244 680 ex
257 618 297 680 iis
306 637 378 698 quae
388 620 528 682 diximus
541 620 605 682 sive
623 621 664 682 10
679 619 803 680 motoria
826 621 1104 693 concordatorum,
1117 618 1183 680 sive

204 716 383 797 depersoner
396 717 665 780 contrahentium.
682 717 810 778 Etenim
824 733 897 777 cum
910 715 1060 778 catholici
1073 717 1184 776 Eccle-

205 813 285 874 siam
299 819 452 893 tanquam
466 820 601 876 matrem
615 819 799 891 agnoscant,
816 814 971 892 ejusmodi
986 803 1184 875 concordata

206 913 397 991 plerumque
418 918 582 974 versantur
596 912 681 973 circa
692 910 853 990 largitates
872 928 949 988 quas
964 912 1063 973 Sedes
1078 913 1185 988 Apos-

206 1008 322 1084 toliea‚
347 1009 435 1088 pacis
458 1009 620 1072 servandas
644 1025 749 1084 causa,
774 1007 972 1087 principibus
1002 1008 1088 1070 velut
1108 1007 1184 1068 tiliis

205 1105 365 1168 concedit.

244 1203 281 1264 ΙΙ.
303 1205 419 1265 Forma
434 1204 702 1266 concordatorum
716 1207 764 1265 est
775 1202 875 1282 formo
892 1202 1119 1264 conventionum.
1148 1204 1184 1265 11

205 1304 293 1378 patet
309 1316 348 1362 ex
365 1301 488 1363 actibus
507 1301 622 1378 quibus
640 1301 833 1361 concordata
848 1300 930 1360 inter
942 1307 1110 1378 utramque
1124 1317 1187 1378 po-

204 1399 364 1473 testatem,
380 1399 465 1460 velut
483 1397 717 1474 conventiones,
735 1403 962 1479 praeparantur,
985 1397 1186 1460 contrahun-

205 1497 257 1554 tur
269 1498 300 1555 et
310 1493 526 1573 publicantur.

245 1592 353 1670 Neque
365 1591 470 1654 obstat
486 1611 493 1654 :
512 1595 542 1653 t·
556 1592 681 1653 materia
695 1591 944 1667 concordatorum,
960 1610 1030 1672 quae
1045 1611 1112 1654 non
1127 1611 1186 1672 po-

207 1692 267 1748 test
288 1705 355 1749 esse
376 1689 539 1768 objectum
557 1690 642 1769 pacti
666 1689 795 1768 proprie
818 1689 907 1752 dicti.
932 1691 1091 1769 Equidem
1117 1709 1185 1752 non

207 1781 283 1846 licet
293 1783 410 1862 pacisci
422 1786 461 1846 de
471 1786 565 1848 rebus
577 1785 673 1848 sacris
686 1803 741 1864 per
750 1787 881 1847 modum
891 1786 1049 1850 simoniae.
1062 1788 1186 1851 Verum

206 1880 240 1940 in
255 1882 457 1943 concordatis
476 1882 579 1962 agitur
599 1883 648 1945 vel
664 1884 704 1945 de
718 1884 927 1964 agnoscendis
947 1883 1110 1962 religionis
1128 1900 1186 1944 ca·

207 1978 337 2040 tholicae
353 1979 479 2059 juribus
498 1999 569 2058 quae
588 1998 713 2059 semper
730 1980 769 2041 ab
791 1980 933 2042 Ecclesia
945 1980 1100 2043 vindicari
1111 1999 1189 2058 pos-

206 2079 290 2150 sunt,
307 2077 356 2137 vel
370 2077 409 2138 de
420 2078 597 2139 ordinanda
609 2077 815 2139 ecclesiarum
834 2077 1072 2156 particularium
1089 2077 1189 2139 disci-

207 2171 294 2250 plina
304 2188 376 2251 quae
386 2176 505 2252 pendet
516 2192 692 2254 asuprema
701 2180 858 2253 potestate
869 2174 992 2236 Summi
1006 2173 1186 2237 Pontificis.

207 2269 346 2332 Proinde
361 2269 441 2332 nihil
460 2272 607 2352 impedit,
635 2273 805 2352 quominus
827 2274 1019 2334 concordata
1046 2273 1188 2334 formam

208 2368 455 2430 conventionum
470 2370 613 2433 induant.

248 2465 357 2543 Neque
370 2464 493 2528 obstat:
510 2469 542 2528 2⁰
555 2465 773 2548 independentic
780 2467 934 2546 potestatis
940 2466 1105 2548 pontificio
1113 2484 1187 2545 quae

209 2578 267 2640 per
281 2563 505 2625 conventiones
519 2563 670 2644 ligaretur
681 2569 712 2626 et
730 2565 912 2643 dependens
927 2563 996 2625 fieri
1011 2564 1185 2628 videretur.

209 2659 334 2721 Etenim
349 2659 551 2739 distinguitur
565 2661 648 2722 inter
664 2661 756 2742 ipsam
766 2669 937 2742 potestatem
951 2667 983 2724 et
994 2669 1191 2741 1101011ρο111-

210 2757 290 2818 tatis.
311 2759 482 2820 Plenitudo
496 2760 661 2838 potestatis
676 2759 861 2839 pontificiae,
885 2765 1039 2837 quatenus
1057 2776 1095 2819 ex
1111 2759 1189 2837 jure

210 2854 317 2916 divino
329 2855 460 2934 respicit
472 2873 643 2917 commune
655 2856 776 2918 bonum
790 2857 952 2930 Ecclesiae,
966 2873 1131 2935 nunquam
1146 2855 1189 2918 li-

209 2955 311 3030 gatnr.
335 2954 415 3015 Usus
428 2969 502 3014 vcro
516 2954 681 3032 potestatis
697 2955 803 3032 aliqua
817 2953 849 3014 in
860 2972 894 3016 re
906 2955 1022 3034 ligatur
1034 2970 1093 3033 per
1108 2971 1191 3015 con-

211 3050 352 3123 cordata,
370 3050 402 3110 in
425 3066 463 3111 eo
488 3067 581 3112 sensu
599 3052 684 3130 quod
707 3053 899 3114 concordata
911 3051 1060 3131 religiose
1075 3051 1191 3112 obser-

210 3148 310 3208 vanda
332 3146 406 3223 sint,
427 3149 568 3226 quandiu
586 3148 820 3214 conditionesa
841 3153 997 3232 potestate
1019 3147 1109 3215 civili
1123 3167 1189 3216 non

212 3241 378 3308 violantur.
1081 3241 1086 3278 ·‘
