2604 4264
438 253 512 298 PARS
535 254 698 300 sedemus.

440 461 660 518 ARTICULUS
679 462 694 516 1

136 629 169 668 DE
187 627 313 668 ruusonls
327 627 344 665 A
356 627 452 673 QUIBUS
470 627 541 666 BONA
555 596 737 666 ECCLEblARUM
751 626 995 688 auulnlsrunnruu.

117 778 288 853 Postquam
309 773 463 834 beneficia
483 777 590 836 exorta
615 773 715 854 iisque
740 773 823 834 bona
842 773 972 851 propria
985 774 1054 835 lue-

77 877 155 936 runt
167 871 327 944 attributa,
345 870 488 931 eeclesiae
501 888 557 933 seu
572 873 657 933 aedes
670 889 778 948 sacra,
797 871 961 950 assignatis
981 889 1054 951 pro·

75 971 156 1052 priis
170 969 337 1043 reditibus,
357 968 481 1046 adeptae
497 971 571 1030 suut
586 970 748 1030 facultates
769 969 890 1029 abonis
905 969 1052 1031 beneficii

75 1070 245 1149 sejunctas,
278 1083 348 1143 quae
378 1065 541 1144 peculium
565 1066 708 1127 ecclesiae
723 1067 771 1126 vel
788 1065 883 1126 etiam
898 1065 981 1128 bona
1001 1066 1051 1146 fo·

76 1165 333 1226 bncoevocantur.
352 1165 427 1224 llaec
444 1163 528 1224 bona
542 1164 728 1242 regulariter
742 1163 781 1223 ad
800 1164 884 1224 solos
906 1169 1051 1242 sumptus

78 1262 206 1325 aedificii
220 1279 255 1322 ac
268 1261 472 1339 supellectilis
487 1278 584 1322 sacrae
600 1261 804 1323 sustinendos
819 1261 1028 1323 destinantur.

115 1363 139 1422 l.
154 1359 274 1422 Peculii
288 1359 431 1420 ecclesiae
450 1359 683 1420 administratio
700 1360 840 1437 primum
854 1359 892 1419 ad
908 1360 1050 1438 ejusdem

76 1458 224 1522 eeclesiae
242 1461 398 1518 rectorem
414 1457 505 1517 unice
522 1456 694 1534 spectabat,
712 1457 765 1536 qui
777 1457 1051 1536 tameullpisuopo

80 1557 243 1618 rationem
257 1555 387 1616 reddere
399 1554 519 1616 debuit.
529 1554 683 1615 Paulatim
698 1560 805 1616 tamen
817 1556 937 1617 lactum
952 1560 1011 1630 est,
1023 1560 1059 1617 ut

80 1652 233 1734 parochis
259 1670 316 1728 pro
337 1651 791 1730 ejusmodi-administratione
818 1653 871 1712 alii
892 1652 1057 1715 inleriores

81 1754 245 1812 curatores
263 1765 279 1809 e
299 1748 391 1827 plebe
411 1747 547 1828 cujusvis
566 1749 727 1827 parochiae
748 1749 1005 1827 adjungerentur.
1019 1751 1058 1812 Hi

53 1915 57 1929 Ι
82 1847 245 1926 adjutores
264 1845 341 1906 dicti
359 1850 433 1907 sunt
446 1845 655 1920 matricularii,
679 1845 798 1922 aeditui,
818 1847 995 1924 provisores
1010 1865 1059 1910 ec·
1149 1907 1156 1916 ,

82 1944 266 2006 elesiarum.

121 2043 164 2105 ll.
177 2039 355 2102 Cauouibus
379 2057 444 2101 uon
462 2039 655 2116 adversatur,
684 2040 759 2102 viris
784 2040 874 2102 laicis
895 2041 1068 2103 committi

81 2139 293 2217 temporalem
308 2137 531 2217 parochiarum
547 2139 866 2215 administrationem,
885 2140 1061 2202 dummodo

83 2235 125 2297 ab
139 2235 272 2297 ecelesia
295 2237 498 2313 deputentur,
517 2236 610 2314 eique
632 2236 791 2298 rationem
806 2238 950 2311 reddant,
973 2241 1003 2298 et
1017 2236 1058 2298 ab

84 2333 141 2394 illa
163 2334 285 2394 valeant
297 2333 448 2395 revocari.
463 2333 590 2396 Etenim
606 2332 812 2395 matricularii
826 2335 871 2396 sio
893 2333 1057 2397 constituti

84 2430 309 2492 administrant
320 2447 385 2491 nou
397 2447 435 2490 ex
446 2431 517 2508 jure
531 2430 673 2509 proprio,
688 2449 791 2510 neque
803 2449 841 2493 ex
865 2433 1062 2512 delegatione

85 2526 251 2605 potestatis
274 2527 383 2602 civilis,
404 2529 458 2590 sed
480 2545 518 2590 ex
532 2529 681 2590 mandato
696 2530 858 2592 Ecclesia.
881 2530 915 2590 ld
936 2529 1062 2591 licitum

87 2639 155 2685 esse
168 2628 293 2685 constat
305 2642 343 2685 ex
356 2624 496 2686 coneilio
509 2625 695 2690 Tridentino
709 2647 716 2687 :
739 2648 752 2684 c
766 2627 1060 2699 Administratores,

86 2725 152 2781 tam
163 2721 369 2783 ecclesiastici
388 2739 484 2802 quarn
498 2724 582 2800 laici,
600 2725 729 2786 labricae
753 2725 891 2805 cujusvis
904 2722 1060 2798 ecclesiae,

88 2818 183 2880 etiam
198 2820 399 2897 cathedralis,
421 2821 599 2900 hospitalis,
624 2823 755 2900 siugulis
782 2823 872 2883 annis
896 2824 1063 2882 teneantur

87 2917 222 2990 reddere
236 2920 391 2982 rationem
404 2919 687 2984 administrationis
697 2921 865 2982 Ordiuario
878 2919 931 2998 (l).
944 2943 960 2975 a

127 3015 178 3076 111.
189 3017 236 3078 Eo
248 3034 341 3078 seusu
351 3016 514 3079 intellecta
527 3016 814 3079 matriculariorum
826 3015 994 3090 institutio,
1006 3013 1066 3076 sie·

86 3115 122 3172 ut
135 3114 311 3176 canonibus
331 3133 482 3192 consona,
505 3115 551 3200 ita
566 3119 597 3177 et
611 3115 788 3179 rectoribus
811 3112 897 3176 utilis
923 3130 991 3176 esse
1006 3130 1066 3192 po-

87 3212 151 3270 test
165 3215 299 3288 propter
314 3212 476 3289 duplicem
491 3209 671 3273 rationem:

128 3307 157 3366 l.
183 3308 277 3384 Apud
293 3310 449 3387 populum
471 3309 575 3388 spargi
591 3309 694 3370 solent
708 3307 842 3370 sinistrae
855 3308 1061 3390 suspiciones,

85 3420 127 3465 ne
145 3403 229 3465 lorte
242 3407 400 3483 parochus
416 3423 453 3468 ea
462 3404 616 3484 dilapidet
630 3406 679 3469 vel
697 3405 729 3467 iu
747 3407 893 3488 proprios
908 3429 980 3472 usus
993 3428 1067 3474 con·

118 3578 153 3642 ll)
167 3579 234 3630 sess.
249 3579 328 3643 XXll,
343 3587 396 3644 cap:
412 3595 446 3634 ur.
