2618 4252
469 245 542 288 raas
564 245 727 304 srxomms.
836 255 838 267 s
1031 249 1081 294 ast

108 361 278 425 indiverso
291 357 412 418 ordine.
428 358 569 420 Ecclesia
586 359 813 421 sanctificando
835 360 962 439 corpori
988 361 1082 424 simul

109 461 280 534 animoque
295 455 414 517 intenta
427 461 487 530 est3
505 457 610 518 Status
619 475 705 532 xero,
721 475 795 520 cum
803 457 926 520 civibus
936 459 1081 522 libertate

108 554 251 639 praeditis
260 552 368 632 praesit
381 569 554 633 eorumque
566 560 655 616 actus
668 553 783 632 dirigat
793 571 829 617 ao
839 556 1002 634 dijudicet,
1014 557 1082 618 ani-

109 671 198 718 mum
211 667 347 730 quoque,
368 668 433 710 non
448 653 551 712 solum
564 669 679 730 corpus
690 653 831 731 respicit.

146 758 176 814 E.
191 753 261 811 Non
274 749 378 808 minus
392 749 506 809 falsum
519 754 566 810 est
580 750 665 811 istud
677 751 803 812 axioma
820 771 826 812 :
848 771 861 808 r
872 751 994 812 laterna
1006 772 1084 834 spec·

107 858 170 911 tant
182 844 399 919 udEcclesiom,
409 843 705 906 ecternnudStotunc
716 846 868 927 reserenda
878 856 957 908 sunt.
973 871 987 907 n
1004 852 1082 910 Nam

107 946 215 1026 regula
238 943 393 1020 ejusmodi
420 946 560 1020 potestas
580 943 794 1005 ecclesiastica
819 946 1025 1007 reduceretur
1043 948 1082 1008 ad

9 1087 13 1112 t
106 1044 224 1106 limites
238 1047 305 1102 tam
329 1044 445 1116 arctos,
462 1043 497 1102 ut
512 1040 541 1100 ei
559 1040 610 1101 vix
623 1040 709 1102 aliud
725 1048 914 1117 remaneret,
933 1061 1029 1123 quam
1043 1044 1084 1106 li-

106 1142 211 1203 bertas
224 1137 421 1200 decisionum
438 1138 541 1214 quoad
567 1139 717 1217 dogmata
732 1145 763 1202 et
780 1157 895 1201 mores.
913 1142 1011 1212 Quam
1025 1144 1083 1204 fal-

106 1257 176 1302 sum
190 1238 230 1299 sit
247 1237 310 1297 hoc
322 1233 527 1314 principium.
543 1252 638 1312 quam
656 1236 824 1297 alienuma
840 1245 945 1298 mente
967 1239 1082 1302 Christi
1141 1269 1144 1274 ·

107 1337 195 1399 facile
210 1333 405 1412 intelligitur.
424 1334 501 1394 Gum
524 1333 611 1393 enim
629 1333 770 1395 Ecclesia
792 1335 923 1396 fundata
937 1336 1033 1396 fuerit
1047 1342 1083 1399 ut

98 1435 233 1497 societas
249 1427 382 1492 visibilis
394 1434 426 1492 et
440 1429 580 1492 humano
593 1431 690 1491 modo
699 1433 849 1510 regenda,
862 1432 927 1492 iere
938 1433 1082 1493 universa

102 1531 190 1592 illius
210 1528 336 1606 negotia
355 1534 385 1588 et
407 1527 550 1587 instituta
573 1533 702 1588 externe
731 1533 895 1607 apparent.
926 1529 1082 1590 Nimirum

104 1625 303 1708 pradicatio,
334 1625 501 1686 instructio
518 1625 702 1702 juventutis,
727 1630 935 1701 sacramenta,
963 1625 1082 1688 sacrifi-

7 1769 8 1776 .
107 1727 204 1800 cium,
221 1725 369 1802 adjuncta
383 1722 485 1783 cultus
502 1721 611 1799 divini,
632 1722 770 1800 publicae
784 1741 906 1803 preces,
919 1722 1083 1786 ministro-

105 1841 176 1885 rum
186 1821 301 1883 electio
316 1825 348 1882 et
361 1819 532 1895 ordinatio,
547 1820 735 1882 exercitium
745 1821 987 1900 jurisdictionis,
1003 1821 1083 1899 regi·
1118 1809 1119 1814 ¹

106 1938 178 1984 men
191 1902 361 1998 pastorale,
374 1917 522 1993 concilia,
537 1923 613 1994 etc,
631 1923 717 1981 certe
728 1922 857 1981 externa
870 1919 1000 1982 suntsSi
1013 1919 1082 1980 haec

106 2018 212 2082 omnia
232 2016 317 2078 civili
341 2015 490 2094 potestati
511 2015 649 2078 obnoxia
672 2017 789 2092 forent,
814 2017 890 2096 quid
906 2017 1082 2079 sacerdotio

7 2125 8 2134 ³
104 2115 303 2179 remaneret?

145 2219 174 2276 3.
189 2215 237 2275 Ad
258 2212 456 2274 deliniendos
471 2211 601 2285 limites,
622 2212 738 2290 quihus
756 2214 828 2292 jura
840 2213 1006 2293 utriusque
1026 2230 1083 2292 po·

106 2311 227 2372 testatis
240 2315 458 2384 secernuntur,
477 2326 541 2370 non
557 2308 631 2368 satis
656 2313 724 2370 tuta
737 2315 784 2372 est
797 2311 906 2389 regula
925 2327 1079 2390 sequens:

109 2430 120 2466 c
135 2407 269 2470 Ecclesia
282 2427 327 2468 res
341 2407 518 2489 spirituales,
542 2405 647 2468 Status
657 2425 724 2467 cero
742 2427 788 2468 res
801 2408 972 2490 temporales
985 2407 1082 2470 mode-

106 2516 242 2568 ratur.»
272 2507 399 2569 Etenim
421 2501 571 2582 ambigua
600 2509 647 2565 est
672 2505 739 2567 haec
766 2505 883 2586 regula,
912 2511 981 2568 tum
1007 2505 1082 2583 quia

107 2605 216 2666 multae
240 2613 289 2666 res
305 2605 497 2684 temporales
513 2603 730 2682 spiritualibus
754 2605 884 2666 adnexae
907 2607 998 2675 sunt;
1015 2607 1081 2662 tum

107 2703 180 2782 quia
193 2702 300 2762 media
320 2701 434 2780 quibus
460 2699 602 2762 Ecclesia
625 2701 735 2778 utitur,
752 2717 817 2760 non
833 2703 956 2760 tantum
973 2715 1010 2758 ex
1026 2698 1083 2759 oh-

103 2799 189 2877 jecto
205 2798 467 2871 determinantur,
485 2799 539 2858 sed
556 2797 663 2875 potius
677 2815 715 2858 ex
727 2798 856 2857 illorum
876 2795 1082 2873 proportione

105 2897 143 2956 ad
156 2897 255 2956 finem
268 2894 479 2956 obtinendum
491 2917 498 2968 ;
511 2895 583 2955 tom
598 2895 673 2972 quia
686 2893 827 2954 Ecclesia
839 2892 963 2970 judicat
978 2893 1084 2952 omnia

104 3009 177 3072 quae
191 2989 422 3052 conscientiam
436 2989 627 3067 respiciunt.
647 2987 785 3050 Proinde
797 2990 905 3066 regula
914 3007 978 3050 non
993 3006 1083 3050 com·
1155 2989 1158 2996 '

7 3127 8 3148 a
105 3087 276 3168 prehendit
287 3087 394 3147 omnia
408 3104 479 3164 quae
494 3086 647 3165 potestati
665 3084 889 3148 ecclesiasticae
909 3085 1084 3165 subjiciun-

7 3161 8 3184 ἶ
105 3193 168 3249 tur.

144 3285 183 3344 ll.
199 3281 341 3343 Firmum
361 3279 569 3360 principium,
586 3298 623 3343 ex
638 3299 700 3359 quo
721 3281 793 3361 jura
805 3281 970 3360 utriusque
981 3281 1085 3345 socie-

19 3418 22 3422 ⁴
105 3381 178 3444 tatis
192 3378 308 3442 deduci
320 3383 463 3458 possunt,
481 3377 602 3458 duplici
621 3379 719 3440 modo
738 3377 937 3459 proponitur.

144 3479 172 3537 l.
200 3473 255 3536 Ec
280 3472 340 3555 stne
361 3471 503 3534 societatis
526 3471 663 3554 capienda
689 3479 732 3532 cst
753 3491 888 3533 mensuro
912 3470 1077 3554 potestatis.

103 3572 224 3634 Exinde
239 3571 373 3635 infertur
386 3571 456 3632 haec
470 3568 634 3632 conclusio
650 3588 659 3630 z
675 3569 733 3641 Qui
744 3569 795 3649 jus
810 3575 841 3633 et
853 3569 1080 3650 obligationem
