2590 4262
110 249 116 259 '
181 254 234 298 262
349 250 506 296 Expostulo
528 249 705 296 nnnnoolce
725 250 808 295 Juuls
831 245 986 294 cenorum.

222 371 250 428 l.
280 366 404 428 Ratione
425 365 542 448 objecti,
571 363 734 445 suspensio
757 369 805 426 est
825 365 875 426 vel
902 363 1009 440 totalis,
1034 365 1170 444 quando

180 465 315 527 clericus
325 464 364 524 ab
378 465 526 526 omnihus
531 464 656 562 juribus
666 462 866 533 clericalibus
879 469 1014 538 arcetur,
1028 463 1078 524 vel
1089 482 1168 544 por-

182 563 269 636 ttolo's,
285 579 357 640 quae
371 561 534 624 functione
548 561 654 640 aliqua
666 564 790 622 tantum
804 561 916 638 privat.

218 660 363 723 Partialis
385 661 550 739 suspensio
562 659 678 738 triplex
692 663 739 720 est
755 678 761 719 :
778 658 816 719 ob
834 657 943 732 ordine,
959 657 997 718 ab
1015 656 1124 738 officio,
1142 678 1163 718 a

180 757 326 839 beneficio,
353 757 460 819 Prima
483 756 585 836 privat
612 756 764 818 exercitio
789 757 990 818 functionum
1017 755 1158 816 ordinis,

179 856 287 916 Altera
307 858 392 916 vetat
410 856 564 936 ‘universa
583 855 687 916 oliloia
712 851 925 916 ecelesiastica
950 870 1020 931 quae
1046 857 1102 913 aut
1121 851 1162 912 ab

178 952 290 1012 ordine
309 959 364 1012 aut
378 969 395 1011 a
409 951 632 1030 jurisdictione
645 953 795 1031 pendent.
818 951 921 1014 Tertia
936 950 1038 1029 privat
1050 947 1167 1010 redili-

179 1048 237 1109 bus
254 1053 286 1110 et
298 1048 572 1110 administratione
588 1048 745 1110 beneficii.

218 1147 414 1224 Quandoque
433 1164 495 1206 non
515 1163 626 1207 omnes
644 1145 766 1207 ordinis
787 1147 841 1205 aut
860 1141 957 1204 officii
977 1141 1162 1204 functiones

176 1243 423 1318 interdicuntur,
442 1243 497 1302 sed
512 1259 574 1302 una
587 1247 641 1304 aut
659 1242 758 1303 altera
774 1245 908 1322 tantum,
927 1241 1016 1320 eujus
1032 1239 1162 1319 generis

177 1345 222 1403 est
231 1340 406 1419 prohibitio
419 1338 602 1400 celebrandi
615 1339 754 1414 missam,
767 1339 917 1400 audiendi
929 1337 1160 1401 confessiones

217 1437 376 1500 Generalis
399 1435 564 1513 suspensio
587 1437 813 1516 complectitur
829 1442 898 1498 tum
919 1437 1072 1510 officium,
1089 1440 1162 1497 tum

176 1536 380 1598 beneficium.

115 1629 118 1632 ’
213 1637 243 1696 2.
268 1633 393 1693 Ratione
415 1630 495 1691 modi
514 1651 571 1712 quo
595 1631 754 1714 ioslipitor,
782 1632 922 1710 primum
948 1630 1160 1708 distinguitur

174 1731 339 1808 suspensio
363 1748 380 1790 a
398 1731 468 1808 lege
483 1731 532 1791 vel
550 1731 589 1792 ab
612 1731 753 1806 homine,
776 1731 940 1810 suspensio
953 1732 1026 1792 lata
1040 1731 1090 1791 vel
1111 1730 1161 1792 le-

175 1829 282 1890 rendae
301 1828 478 1890 sententiae.

213 1925 369 1986 Praeterea
389 1924 554 2003 suspensio
580 1925 733 2003 infligitur
749 1925 798 1986 vel
818 1943 874 2004 per
892 1924 1010 1985 modom
1026 1942 1159 1985 censure

173 2023 213 2082 ad
231 2022 437 2100 frangendam
452 2022 700 2099 contumaciam,
720 2023 768 2083 vel
778 2040 835 2102 per
849 2021 965 2082 modom
982 2039 1075 2102 pierio
1089 2021 1157 2082 sive

169 2119 365 2198 judicialiter
380 2120 443 2180 sive
456 2117 735 2198 extrajudieialiter
747 2139 784 2181 ee
798 2119 958 2199 informato
969 2118 1154 2180 conscientia.

212 2215 385 2295 Suspensio
402 2222 554 2295 tanquam
573 2234 706 2278 censura
722 2218 821 2279 fertur
840 2218 908 2278 sine
922 2218 985 2277 ulla
999 2215 1158 2294 temporis

172 2314 451 2376 determinatione.
474 2314 645 2392 Suspensio
658 2315 778 2377 inlliota
792 2315 825 2375 in
845 2319 1038 2393 perpetuum
1050 2314 1098 2376 vel
1114 2314 1156 2374 ad

171 2415 294 2472 eertum
307 2416 434 2488 tempus
446 2429 512 2471 non
528 2416 575 2472 est
588 2428 721 2473 censura
732 2412 862 2492 proprie
879 2413 975 2489 dieta,
991 2412 1047 2474 sed
1057 2411 1157 2472 habet

170 2507 327 2570 rationem
339 2525 442 2586 poenae
457 2507 667 2570 vindieativae.

371 2705 394 2752 2.
410 2702 584 2768 suspensionis
605 2710 692 2753 auctor
707 2711 732 2753 et
745 2705 883 2767 subjeetum
899 2708 942 2767 (l).

208 2859 231 2919 Ι.
253 2857 387 2918 Potestas
408 2857 525 2938 ferendi
537 2858 750 2940 suspensionem
770 2859 871 2921 tribus
892 2861 1010 2938 regulis
1033 2878 1151 2940 expen-

170 2952 268 3014 ditur.

206 3051 234 3110 l.
257 3050 506 3127 suspensionem
522 3071 540 3110 o
553 3051 627 3132 jure
648 3052 710 3113 fert
724 3052 808 3114 solus
821 3053 994 3132 legislator.
1011 3055 1150 3133 Suspen-

164 3142 286 3206 sionem
307 3145 344 3205 ab
365 3145 477 3209 homino
495 3149 610 3226 infligit
631 3149 668 3225 is,
693 3149 747 3228 qui
763 3150 989 3229 jurisdictione
1020 3156 1150 3214 externa

164 3245 269 3320 potest
289 3243 439 3305 clericum
449 3245 605 3325 judicare.

203 3341 234 3398 2.
251 3337 333 3399 Olim
346 3341 522 3420 Episcopus
536 3345 605 3405 sine
623 3360 778 3406 consensu
797 3343 928 3423 capituli
940 3362 1005 3406 non
1021 3349 1147 3426 poterat

163 3450 334 3497 censuram
351 3435 433 3496 ferro
455 3437 487 3496 in
509 3439 721 3520 presbyteros.
749 3441 868 3503 Verum
891 3440 959 3501 haee
978 3440 1144 3520 dispositio

191 3581 223 3642 (l)
240 3579 468 3642 Sehmalagrueber,
478 3581 524 3630 dos
538 3581 745 3646 eeclesiasticam,
759 3584 801 3634 lib.
816 3585 844 3648 V,
857 3587 895 3634 tlt.
909 3597 995 3636 xuni.
1015 3587 1020 3649 l
