2604 4264
212 303 247 348 92
379 297 535 346 EXPOSI'EIO
556 294 735 343 EETEODIGA
755 296 837 342 touls
860 297 1015 346 cononici.

210 420 278 499 ejus
287 416 662 496 valoremdo'gmaticum,
670 413 1026 498 subjiciturmagisterio
1035 415 1190 480 Ecclesiae

210 517 457 596 etPontiiicum.
623 560 626 569 ,
693 597 695 602 Ι

251 615 344 678 Prob.
365 617 398 675 3.Δ
414 612 555 692 Liturgia
573 616 620 674 est
632 612 784 694 precipuo
799 631 874 694 pars
894 612 1063 696 discplinoe.
1089 613 1189 692 Atqui

210 717 247 775 R.
262 710 404 782 Pontilex
419 711 512 774 estin
527 710 668 772 Ecclesia
685 712 852 791 supremus
864 710 1034 792 legislator.
1050 713 1134 791 Ergo
1148 710 1189 772 ab

210 813 267 873 illo
279 813 399 890 pendet
412 809 580 888 disciplina
594 808 750 888 liturgica.

251 910 289 970 ll.
313 907 402 969 Vario
415 906 474 990 fuit
487 894 635 987 disciplina
649 925 707 987 pro
719 907 850 970 diversis
865 907 1077 987 temporibus,

253 1011 282 1068 l.
295 1005 584 1085 Sedesdpostolica
594 1005 750 1086 potuisset
757 1005 823 1085 jam
836 1007 875 1068 ab
889 1006 1038 1070 Ecclesiae
1050 1005 1190 1068 exordiis

173 1129 175 1133 ’
209 1106 260 1187 jus
275 1104 485 1185 legislativum
504 1103 590 1166 circa
604 1103 765 1184 liturgiam
782 1106 821 1166 ad
843 1123 876 1167 se
895 1121 1057 1179 revocare;
1082 1109 1191 1165 tamen

213 1205 379 1284 perplura
407 1204 522 1264 saecula
544 1204 797 1266 moderationem
814 1203 951 1284 liturgiae
972 1190 1105 1282 singulis
1118 1203 1193 1282 Epi·

214 1302 319 1382 scopis
336 1319 373 1364 ex
392 1305 481 1381 parte
494 1301 650 1380 permisit.
1097 1295 1102 1298 ’

252 1403 281 1463 E.
300 1402 413 1461 Eorma
426 1399 563 1478 liturgiae
578 1398 617 1460 ab
631 1399 706 1478 ipsis
722 1399 881 1480 Apostolis
903 1399 1113 1461 determinata
1132 1399 1194 1460 luit

214 1506 309 1579 atque
323 1499 525 1579 praescripta3
542 1515 652 1559 verum
669 1499 790 1560 diversa
803 1504 870 1561 erat
890 1499 923 1559 in
940 1489 1193 1561 accidentalibus

213 1615 272 1676 pro
285 1596 379 1656 variis
393 1595 546 1658 ecclesiis.

254 1697 284 1754 3.
300 1692 465 1772 Episcopis
476 1694 772 1772 nrrnquamlicitum
783 1694 842 1757 luit
854 1695 1194 1775 liturgiamantiquam
1291 1711 1292 1714 ¹

214 1797 246 1854 et
259 1791 435 1870 legitimam
456 1789 495 1852 de
517 1793 624 1854 medio
648 1793 773 1866 tollere,
795 1800 827 1855 ot
840 1811 963 1855 novam
985 1792 1192 1854 substituere.

213 1888 339 1950 Etenim
366 1889 546 1952 immutatio
581 1907 645 1952 non
674 1890 829 1971 potuisset
852 1892 919 1952 lieri
948 1892 1015 1953 sine
1041 1891 1195 1952 scandalo

215 1987 361 2048 dioecesis
375 1988 585 2066 apostolicam·
597 1989 759 2078 liturgiam
771 1991 857 2051 velut
870 2006 994 2050 sacrum
1010 1988 1193 2067 depositum

214 2085 433 2159 custodientis,
447 2104 551 2165 neque
566 2086 633 2148 sine
646 2087 788 2166 periculo
800 2087 875 2149 lidei
890 2105 984 2166 qnam
999 2086 1127 2166 liturgia
1141 2103 1196 2147 ex·

214 2183 325 2262 primii
340 2189 371 2244 et
386 2191 558 2248 conservat.

253 2285 283 2342 l.
301 2281 426 2344 Saeculo
445 2300 475 2358 r,
492 2281 618 2362 liturgia
630 2283 727 2362 coepit
741 2284 780 2344 ad
800 2283 956 2346 unitatem
977 2282 1197 2362 metropolita·

215 2397 289 2441 nam
316 2381 437 2442 reduci.
467 2380 606 2460 Liturgia
628 2399 769 2457 romana,
798 2383 942 2470 primum?
960 2383 992 2444 in
1017 2381 1195 2444 Galliasae·

216 2479 289 2539 culo
308 2494 377 2554 rm,
404 2479 520 2542 deinde
542 2481 730 2562 generaliter
750 2481 784 2542 in
809 2481 983 2544 Occidente
1008 2481 1194 2542 introducta

219 2576 289 2638 luit.

255 2679 285 2738 5.
304 2677 360 2738 lus
383 2675 564 2755 corrigendi
580 2681 612 2739 et
625 2676 766 2738 addendi
780 2693 826 2752 ea,
844 2693 915 2756 quae
929 2677 967 2736 ad
983 2674 1196 2738 substantiam

214 2793 278 2839 non
292 2773 502 2858 pertinebant,
521 2792 617 2855 penes
631 2777 805 2854 Episcopus
827 2775 1013 2855 aliquandiu
1026 2774 1192 2837 remansit.

215 2879 333 2940 Verum
346 2875 463 2936 saeculo
474 2890 538 2949 xvr,
557 2875 672 2936 Sancta
689 2875 787 2935 Sedes
802 2882 1017 2953 opportunum
1028 2872 1119 2954 duxit
1131 2872 1193 2934 sibi

215 2973 353 3037 strictius
368 2989 527 3035 reservare
537 2972 587 3052 jus
601 2971 797 3050 liturgicum.

253 3076 307 3136 Ill.
333 3071 516 3134 Hodiernum
537 3071 589 3152 jus
611 3069 788 3151 ,liturpicum
812 3070 876 3134 sive
903 3071 1007 3150 quoad
1034 3069 1194 3132 Ecclesiae

216 3167 401 3245 orientales,
425 3169 489 3231 sive
507 3171 610 3248 quoad
632 3166 789 3231 Ecclesiae
805 3158 1025 3230 occidentales
1043 3167 1195 3230 conside·

215 3270 313 3327 ratur.
1071 3311 1073 3316 .

256 3364 288 3425 l.
318 3362 455 3443 Litarqia
477 3357 679 3426 Ecclesiarum
706 3365 906 3428 orientalium.
933 3365 1092 3446 Equidem
1122 3362 1193 3426 istae

215 3461 366 3523 Ecclesiae
390 3459 549 3542 liturgiam
575 3463 738 3543 propriam
762 3463 899 3540 habent;
920 3466 975 3526 sed
996 3462 1194 3543 jampridem

217 3577 325 3621 earum
341 3559 496 3621 Ordinarii
508 3561 560 3640 jus
578 3562 762 3642 liturgicum
774 3581 840 3624 non
854 3567 1012 3636 exercent,
1029 3561 1103 3639 quia
1115 3561 1193 3622 Sedi

218 3657 410 3738 spostolicae
434 3665 625 3722 reservatum
653 3660 723 3724 init.
741 3661 849 3738 ltaque
875 3659 1003 3737 liturgia
1027 3657 1193 3722 orientalis
