2594 4286
475 288 549 336 runs
569 277 733 336 serenus·

508 537 638 602 curor
659 537 701 598 111
784 487 787 492 ⁵

245 706 370 766 ombus
383 707 514 772 legibus
531 705 704 768 regulares
716 702 952 761 subjiciuntur.

147 887 217 940 Aur.
237 884 259 940 Ι.
295 881 472 954 Approbatio
483 880 630 938 Ecclesia.

147 975 217 1028 Aur.
237 973 270 1027 ΙΙ.
295 973 402 1028 Norma
414 969 598 1041 ingrediendi
610 972 718 1026 statum
732 967 912 1042 religiosum.

147 1063 216 1118 bar.
236 1063 283 1116 ΙΙΙ.
298 1060 492 1132 Obligationes
505 1059 699 1130 regularium.

147 1153 215 1206 ΑΜ.
235 1150 280 1206 ΙΙΙ.
299 1149 368 1205 lura
381 1148 572 1220 regularium.

149 1241 217 1298 Aur.
236 1241 268 1296 V.
299 1239 439 1313 regimen
453 1238 646 1311 regularium.
703 1281 705 1286 .

479 1455 699 1510 laudunus
717 1454 731 1508 1

416 1633 579 1676 urruomrro
597 1635 728 1676 recursor
746 1617 794 1690 (l).

152 1795 177 1856 Ι.
219 1793 471 1858 Controvertitur
503 1814 541 1858 an
576 1797 617 1858 ad
648 1795 798 1857 essentiam
825 1797 924 1856 status
956 1788 1094 1873 religiosi

112 1888 275 1971 pertineat
285 1891 436 1956 Ecclesiae
449 1891 648 1973 approbatio,
666 1910 762 1974 quam
776 1889 910 1984 requirit
920 1892 971 1971 jus
985 1889 1096 1970 positi-

112 2009 189 2052 vum
208 1996 384 2070 atempore
396 1990 574 2054 iunocentii
588 1993 640 2055 ΙΙΙ.
660 1993 828 2056 -Sensus
841 1987 1022 2070 quaestionis
1035 1994 1098 2066 est‚.

113 2094 224 2150 utrum
234 2088 422 2169 approbatio
432 2088 610 2168 requiratur
623 2086 718 2151 etiam
730 2089 848 2168 dejure
861 2085 978 2162 divino,
989 2091 1096 2148 utrum

116 2185 194 2248 olim
208 2191 308 2249 status
328 2186 492 2266 religiosus
514 2192 598 2249 esset
611 2185 737 2250 vivendi
755 2187 870 2248 modus
882 2183 1005 2248 caeteris
1024 2202 1098 2247 con·

116 2281 292 2347 ditionibus
316 2287 475 2366 gaudens,
503 2285 558 2347 sed
587 2285 625 2347 ab
649 2283 791 2348 Ecclesia
818 2303 881 2346 non
905 2281 1096 2364 approbatus

114 2400 221 2462 neque
236 2381 425 2461 prohibitus.
438 2380 696 2444 -Bellarmiuus
708 2380 752 2444 ita
763 2380 854 2443 solvit
865 2379 997 2443 dubium
1014 2381 1096 2442 :duo

114 2479 149 2542 in
160 2479 409 2560 omni'religione
417 2476 628 2558 inveniuntur,
641 2480 777 2544 essentia
785 2478 944 2558 religionis
952 2483 1097 2542 etcertus

115 2577 232 2638 modus
246 2575 381 2640 vivendi.
409 2571 581 2655 Religionis
606 2575 741 2639 essentia
754 2595 825 2657 que
850 2574 882 2636 in
898 2573 999 2637 tribus
1016 2572 1096 2636 votis

115 2672 174 2736 sita
197 2679 255 2751 est,
279 2691 344 2736 non
370 2671 491 2751 indiget
516 2672 765 2753 approbatione,
793 2692 866 2736 oum
881 2673 913 2735 in
927 2670 1096 2752 Evangelio

118 2775 363 2835 fundamentum
375 2771 499 2834 babeat.
515 2771 628 2834 Modus
640 2778 748 2836 autem
761 2772 864 2836 varius
876 2790 939 2852 quo
952 2771 1012 2833 tria
1025 2776 1098 2834 vota

121 2868 239 2950 suscipi
257 2874 399 2950 possunt,
417 2870 472 2952 seu
485 2871 600 2931 modos
611 2869 745 2948 vivendi,
761 2869 1001 2935 confirmatione
1016 2865 1099 2929 indi-

123 2986 195 3049 gere
204 2971 320 3048 potest‚
337 2971 367 3030 et
378 2985 459 3029 nunc
469 2965 572 3048 reipsa
583 2974 714 3048 propter
722 2970 773 3048 jus
782 2967 952 3048 positivum
965 2966 1096 3046 indiget.

161 3068 200 3127 ΙΙ.
215 3055 410 3145 Approbatio
422 3065 576 3128 Ordinum
592 3067 655 3128 duo
662 3064 782 3146 judicia
792 3063 936 3142 includit,
952 3064 1100 3129 videlicet

121 3161 279 3244 judicium
305 3165 344 3226 de
357 3163 503 3246 probitate
516 3165 569 3239 rei,
588 3169 619 3226 et
632 3163 794 3226 licentiam
809 3163 891 3225 illum
905 3165 1077 3247 essequendi
1087 3184 1101 3227 .·

124 3265 156 3324 Ιο
168 3260 333 3325 iudicium
353 3259 593 3340 speculativum,
619 3263 751 3324 modurn
765 3261 888 3325 vivendi
907 3282 1014 3326 anova
1027 3261 1101 3325 reli-

124 3357 216 3440 gione
232 3359 398 3422 inductum
417 3377 484 3422 esse
507 3366 664 3436 sanctum,
680 3359 746 3422 sine
760 3361 866 3424 errore
876 3362 923 3424 vel
948 3359 1102 3441 supersti-

125 3456 211 3521 tione
227 3463 339 3522 ettam
353 3456 386 3519 in
400 3460 462 3522 fine
485 3477 579 3538 quam
602 3457 634 3520 in
659 3456 772 3524 mediis
794 3457 877 3522 viam
897 3457 1101 3540 perfectionis

156 3645 190 3710 (1)
204 3609 433 3708 Sibmdzgrueber,
443 3645 488 3696 Jur
504 3645 711 3710 ecclesiasticum,
722 3647 765 3700 lib.
779 3644 822 3711 111,
832 3647 873 3698 tit.
894 3659 964 3697 xxxi.
