2590 4262
241 292 293 338 220
411 287 568 332 Exrostrto
588 286 762 334 mdruootclt
785 287 868 332 tobis
890 283 1049 329 cettomct.

240 407 353 469 cialem
366 404 566 485 perturbans.
583 405 632 465 Ad
652 402 774 465 crimen
788 419 853 462 non
870 401 1008 480 pertinet
1023 415 1127 477 neque
1141 414 1214 477 pec·

240 509 346 567 catum
365 502 538 578 internum,
554 517 659 579 neque
682 501 766 562 aetio
790 503 900 562 contra
924 515 1020 577 quam
1040 513 1136 576 poena
1153 513 1215 556 non

240 600 430 675 decernitur,
457 616 560 678 neque
584 599 736 660 delictum
755 599 823 660 leve
839 598 925 674 quod
946 595 1138 658 societatem
1154 610 1213 654 nou
1276 581 1277 596 ¹

238 697 359 759 turbat.
1276 747 1277 766 ,

278 797 320 857 Il.
341 793 500 872 Quidquid
516 793 549 852 iu
564 790 697 854 crimine
709 796 875 870 peccatum
888 797 945 865 est,
962 791 1059 851 unius
1072 785 1213 850 Ecclesia
1276 771 1277 864 ¹

239 893 387 972 potestati
406 892 586 972 subjicitur,
602 890 753 970 quoniam
767 891 795 952 ei
809 895 931 953 tantum
943 889 1093 952 Christus
1108 885 1211 948 tribuit
1276 893 1277 942 3

201 1063 203 1070 Α
239 991 422 1053 facultatem
437 988 621 1050 remittendi
636 992 774 1067 peccata.
792 987 1004 1060 Quamobrem
1021 993 1053 1048 et
1070 981 1210 1054 crimina,
1276 1033 1277 1038 ,

240 1105 376 1166 quorum
384 1087 536 1148 coercitio
544 1086 726 1164 pertinetad
736 1085 921 1147 societatem
931 1085 1070 1160 civilem,
1086 1080 1211 1142 subsunt

239 1176 1212 1263 Ecclesiaejudiciopropterpeccatum;hocquidemjudicium
1276 1255 1277 1266 ἵ

240 1286 403 1344 exercetur
421 1281 452 1340 in
468 1281 537 1341 loro
558 1279 764 1357 poenitentiae.
784 1279 865 1351 Ouin
886 1279 981 1341 etiam
992 1277 1210 1357 publicapec·

239 1382 307 1439 cata
319 1377 454 1457 publicis
466 1377 567 1454 poenis
584 1376 624 1436 ab
638 1377 781 1437 Ecclesia
796 1377 991 1440 alliciuntur.

278 1479 376 1541 Multa
393 1493 466 1538 vero
490 1476 609 1537 scelera
632 1480 716 1551 sunt,
740 1475 772 1535 in
795 1475 910 1554 quibus
928 1471 1072 1536 Ecclesia
1092 1477 1159 1534 tam
1179 1468 1211 1528 de

177 1634 180 1640 ,
239 1574 381 1649 crimine,
398 1589 493 1650 quam
508 1573 547 1633 de
558 1578 690 1651 peccato
702 1573 836 1652 judicat,
849 1578 881 1634 et
893 1573 928 1656 in
938 1590 1008 1652 quae
1021 1567 1209 1650 potestatem

237 1671 296 1732 fori
313 1669 474 1733 exterioris
494 1675 631 1730 exercet.
651 1671 686 1742 ld
704 1670 892 1751 intelligitur
905 1688 944 1732 ex
957 1667 1136 1748 propositis
1150 1679 1210 1742 spe-

237 1767 561 1830 ciebusdelictorum.
716 1771 719 1776 '

558 1993 582 2040 2.
595 1989 688 2040 Divisio
701 1990 833 2040 criminum
844 1991 887 2052 (l).

274 2169 396 2230 Delicta
412 2169 597 2231 dividuntur
611 2171 733 2233 ratione
747 2173 793 2234 rel
809 2171 925 2252 objecti,
940 2173 989 2234 vel
1004 2189 1201 2252 personarum,
1276 2245 1277 2256 ἢ

236 2265 369 2346 velseri,
386 2267 433 2328 rel
451 2267 641 2330 notorietatt's.
1276 2257 1277 2288 ¹

274 2365 298 2426 l.
311 2363 443 2425 Ratione
454 2363 569 2444 objecti,
584 2366 700 2427 delicta
711 2365 923 2428 ecclesiastica
934 2372 1007 2429 suut
1018 2366 1067 2428 vel
1078 2364 1199 2428 crimina
1276 2349 1277 2438 ¹

236 2461 355 2523 directe
374 2460 407 2520 in
427 2463 528 2522 Deum
542 2463 690 2540 admissa,
710 2465 755 2525 vel
772 2462 905 2525 crimina
919 2465 1033 2543 quibus
1048 2465 1161 2544 injuria
1173 2461 1200 2520 iu
1276 2447 1277 2482 ³

153 2640 157 2650 Δ
235 2562 363 2622 resDeo
380 2575 482 2620 sacras
497 2559 643 2621 insertur.
1276 2569 1277 2586 ¹

273 2660 311 2719 ll.
333 2657 467 2719 Ratione
476 2674 680 2737 personarum,
706 2658 928 2720 discernuntur
949 2660 1066 2722 delicta
1081 2655 1198 2739 propria

234 2757 434 2831 clericorum,
449 2758 480 2816 et
494 2753 630 2815 crimina
642 2753 767 2816 clericis
779 2771 816 2816 ac
831 2754 919 2817 laicis
933 2757 1125 2818 communia.

249 2915 251 2920 .
271 2854 323 2914 ΙΙΙ.
341 2853 474 2914 Ratione
485 2850 555 2931 sori,
570 2850 684 2931 triplex
693 2849 862 2925 criminum
873 2869 970 2930 genus
981 2850 1193 2933 distinguitur:

233 2967 319 3012 mere
333 2950 556 3027 ecclesiastica,
571 2949 685 3025 civilia,
701 2947 809 3010 mixta.

272 3049 392 3109 Delicta
416 3066 503 3110 mere
524 3046 709 3108 ecclesrbetica
734 3052 816 3121 sunt,
836 3065 906 3124 quae
920 3044 1042 3122 legibus
1057 3038 1196 3106 Ecclesia

233 3148 355 3205 tantum
383 3148 607 3221 adversantur3
623 3145 731 3208 omnia
753 3145 886 3206 subsunt
910 3144 1061 3206 Ecclesia
1084 3137 1194 3205 coerci-

157 3274 159 3280 ,
233 3239 324 3313 tioni‚
342 3243 406 3304 sive
419 3261 436 3303 a
452 3244 587 3318 clericis
603 3244 666 3305 sire
680 3261 698 3304 a
712 3243 800 3304 laicis
813 3242 982 3304 commissa
996 3223 1124 3304 luerint.

272 3337 409 3398 Crimina
428 3341 528 3400 cicilio
551 3347 635 3417 sunt,
652 3339 766 3420 quibus
783 3341 868 3418 leges
883 3339 988 3403 civiles
1012 3338 1128 3402 directe
1148 3335 1194 3394 le·

263 3551 427 3614 (liberandi,
451 3553 637 3606 Commentario
654 3555 737 3620 injur
753 3555 953 3620 ecclesiasticum,
972 3562 989 3608 t.
1003 3557 1045 3611 IV.
1057 3582 1088 3594 -
1106 3546 1191 3606 Derotb

230 3629 418 3680 institutionum
430 3631 474 3682 lib.
489 3631 529 3692 lt,
540 3634 580 3685 tit.
592 3647 622 3684 u.
