2594 4286
218 261 250 307 tt
377 265 535 316 exeommo
557 263 733 314 HETHODIGA
753 264 835 312 cunis
857 265 1012 314 cenonlcl.

217 384 279 442 tur.
314 383 440 446 illenim
457 383 657 465 indulgentia
675 385 863 448 conceditur
882 385 958 448 vivis
979 401 1035 465 per
1059 385 1199 446 modum

216 471 435 554 absolutionis,
455 477 613 542 defunctis
630 495 705 572 vero
720 495 778 558 per
790 480 921 542 modum
940 476 1078 558 suffragii
1098 479 1199 538 satis·

217 571 354 638 lectorii.

518 769 571 836 ἐι.
582 799 612 809 -
625 723 662 824 ιιι
675 769 829 837 sepulturis
843 771 885 837 (l).

255 919 421 1001 Sepultura
435 924 572 986 retertur
584 925 631 986 vel
647 925 687 986 ad
700 924 778 987 ritus
789 923 947 1000 funebres,
961 925 1008 986 vel
1020 924 1058 986 ad
1074 940 1195 1003 perso-

213 1037 269 1082 nes
295 1021 456 1100 sepulture
477 1038 565 1084 secra
578 1022 736 1102 indignes,
753 1023 801 1085 vel
821 1024 860 1084 ad
879 1021 1070 1084 electionem
1082 1021 1194 1100 sepul·

212 1123 303 1196 turm,
326 1109 373 1181 ve'l
389 1121 427 1181 ed
438 1120 489 1199 jus
503 1120 648 1182 ecclesiae
661 1119 864 1199 parochialis.

251 1217 276 1277 l.
296 1215 382 1279 Ritus
394 1217 556 1298 sepultores
576 1218 654 1280 varii
676 1223 761 1297 sunt,
782 1235 840 1280 ceu
855 1219 933 1280 lotio
948 1217 1119 1293 cadaveris,
1134 1217 1194 1278 de-

214 1330 289 1375 cens
311 1315 503 1394 compositio
518 1320 549 1377 et
564 1315 705 1390 vestitus,
735 1335 809 1377 usus
836 1316 1052 1391 luminarium,
1077 1332 1192 1394 preces

213 1418 245 1474 et
263 1411 389 1492 vigilie,
408 1411 570 1474 exornatio
594 1413 723 1490 funeris,
751 1413 912 1492 processio
937 1431 998 1492 qua
1018 1413 1192 1475 defunctus

212 1509 252 1570 ed
266 1506 433 1570 ecclesiam
449 1509 598 1584 defertur,
618 1511 738 1573 oblatio
753 1511 910 1586 sacrificii,
928 1510 1028 1573 oratic
1046 1510 1193 1572 funebris

213 1605 418 1680 etabsolutiO,
427 1601 625 1669 ceremoniae
638 1607 752 1687 quibus
762 1609 886 1670 tumulo
899 1608 1188 1671 inserturcedaver.

252 1703 291 1764 Il.
306 1703 443 1766 Personoe
456 1705 607 1787 sepulture
618 1725 703 1767 sacro
717 1705 854 1787 iodipooe.
867 1705 1066 1768 -Nonnulli
1082 1706 1193 1784 sepul-

174 1853 183 1878 ,
213 1805 282 1861 tura
294 1802 505 1864 ecclesiastice
517 1804 633 1883 privari
657 1803 775 1867 debent
787 1804 877 1883 juxta
890 1821 1037 1879 conones,
1057 1805 1137 1865 adeo
1153 1806 1192 1864 ut

213 1913 317 1974 neque
331 1896 364 1957 in
378 1898 450 1961 loco
465 1917 555 1962 sacro
569 1917 673 1979 neque
689 1899 839 1962 adhibitis
853 1901 967 1962 ritibus
982 1901 1079 1963 sacris
1101 1901 1191 1980 sepe·
1285 1955 1286 1966 ,

213 1993 310 2055 liendi
326 1994 397 2058 sint.
412 1997 452 2057 llt
440 1997 539 2058 tenim
554 1998 716 2076 sepultura
729 1997 837 2059 christ'
815 2004 958 2060 ttionaes
968 1999 1020 2079 Jus
1032 1999 1191 2060 honorid-
1285 1981 1286 1998 ¹

213 2109 298 2164 cerm,
324 2092 362 2154 iis
376 2099 445 2156 tent
433 2101 501 2156 tum
513 2101 641 2175 compet
644 2113 715 2170 ens,
729 2094 830 2175 quiin
848 2096 1072 2192 communione
1088 2096 1190 2158 eccle·

214 2189 340 2252 siastice
355 2191 560 2268 vixerunt‚tct
581 2211 613 2255 e
628 2195 740 2254 saltem
755 2191 872 2254 1nv1tae
889 2193 972 2256 exitu
996 2195 1079 2256 haud
1103 2193 1207 2254 indi-

125 2317 136 2340 ·
213 2305 291 2366 gnos
326 2287 418 2367 hujus
451 2287 685 2353 communionis
709 2290 930 2353 exhibuerunt.
969 2293 1059 2354 Unde
1086 2294 1186 2370 pet,et

213 2384 329 2464 duplex
345 2386 510 2447 hominum
524 2405 622 2465 genus
635 2407 653 2449 a
667 2388 827 2468 sepulture
843 2387 1055 2450 ecclesiastice
1077 2387 1188 2449 exclu-

213 2481 441 2546 dendumesse.

252 2581 280 2641 l.
296 2580 345 2642 Ad
359 2581 496 2660 primam
514 2583 647 2645 classem
671 2582 832 2663 pertinent
847 2583 900 2662 qui
925 2583 1060 2664 separati
1073 2583 1113 2646 ab
1128 2584 1187 2645 Ec·

211 2677 316 2740 clesiae
329 2680 557 2743 communione
570 2681 725 2758 vixerunt,
742 2687 773 2743 et
787 2682 820 2742 in
831 2682 886 2744 tali
902 2686 985 2743 stetu
1000 2700 1039 2744 ex
1051 2682 1110 2744 hac
1121 2681 1187 2743 vite

211 2775 411 2855 migrarunt:
444 2800 458 2836 o
471 2778 590 2850 Quibus
612 2779 790 2841 viventibus
812 2796 877 2840 non
898 2779 1184 2856 communicamus,

212 2874 345 2936 mortuis
355 2877 591 2938 communicare
605 2894 670 2937 non
682 2893 852 2955 possumus
867 2876 920 2956 (t)
936 2899 951 2936 ι

249 2971 421 3049 Speciatim
436 2972 649 3036 ecclesiastica
667 2974 770 3052 sepult
773 2991 827 3034 ure
852 2974 1015 3052 priventur
1040 2973 1185 3035 infideles
1283 2955 1284 3013 l

210 3081 332 3143 omnes,
340 3068 449 3148 judei,
462 3070 596 3131 intentes
611 3069 728 3131 mortui
744 3069 810 3130 sine
825 3069 1005 3150 baptism03
1018 3074 1182 3150 apostatae,

209 3163 362 3241 heretici,
383 3167 575 3231 schismatici
592 3187 600 3243 ;
618 3166 885 3230 excommunicati
900 3168 1019 3231 vitandi
1033 3173 1066 3231 ct
1082 3166 1185 3231 nomi·

209 3255 308 3318 netim
323 3256 499 3321 interdicti:

246 3357 279 3416 ι.
295 3354 343 3416 Ad
365 3354 583 3421 incutiendum
601 3359 725 3438 peccati
741 3359 908 3421 horrorem
928 3357 1054 3438 sepeliri
1072 3357 1184 3437 prohi-

241 3527 272 3590 (1)
285 3525 386 3576 uttuole
402 3542 543 3580 romonum.
559 3556 587 3568 ·-
602 3512 767 3580 Dect-etodium
785 3532 829 3582 lib.
845 3533 890 3590 Ill,
902 3529 941 3580 tit.
955 3542 1044 3594 xxvnt,
1055 3529 1089 3579 de
1098 3527 1185 3594 Sepul-

209 3607 284 3660 turis.
298 3631 328 3644 —·
346 3606 382 3669 (2)
395 3607 419 3657 S.
432 3608 481 3657 lieo
492 3609 538 3670 tl„
548 3611 623 3671 epist.
645 3613 701 3660 ιιι.
