2604 4264
244 252 294 302 lto
409 251 566 298 exrosmlo
587 250 765 298 ununomcu
784 251 867 295 tcnls
889 250 1046 301 canonici.

242 372 377 434 toritatis
391 369 561 448 spiritualis
577 368 649 428 illos
662 367 767 429 officio
782 368 979 430 adnectentis
992 374 1024 430 et
1037 368 1083 430 sic
1097 368 1226 432 benefi-

241 471 325 534 cium
342 468 501 548 erigentis
517 469 608 531 Unde
626 466 724 528 laicus
743 467 879 529 fundans
892 469 1012 546 Missas,
1028 486 1088 547 pro
1102 469 1224 546 quibus

240 567 368 629 stabiles
382 567 503 628 reditus
521 565 670 644 assignat,
686 563 906 627 fundationem
920 566 1023 644 erigit,
1039 583 1106 627 nou
1118 565 1222 628 bene-

239 664 360 727 ficium.
702 677 704 681 “

277 761 322 821 Ex
350 760 464 839 quibus
487 759 657 822 innotescit
686 759 859 821 discrimen
885 758 968 820 inter
988 759 1163 841 capellaneas
1185 765 1218 822 et

236 847 400 920 beneficia.
430 856 610 937 capellania
637 861 686 919 est
707 875 786 919 onus
815 856 922 935 plures
944 857 1052 920 Missas
1083 857 1223 948 singulis-

235 955 324 1015 annis
335 954 517 1016 celebrandi
529 954 562 1014 in
572 961 659 1016 certa
668 955 812 1016 ecclesia.
829 955 1016 1033 capellanie
1029 955 1215 1018 dividuntur

234 1053 268 1113 in
291 1052 433 1133 sempliees
450 1071 505 1114 seu
527 1053 654 1115 laicales
673 1064 744 1131 qu'ae
763 1053 829 1113 sola
847 1054 1051 1115 fundatorum
1066 1054 1215 1115 nomina-

232 1149 320 1213 tione
335 1151 460 1212 clericis
474 1152 710 1226 conceduntnr3
728 1157 760 1212 et
773 1151 808 1211 in
819 1150 970 1212 cellotium
980 1168 1035 1212 seu
1045 1152 1214 1214 ecclesias-

232 1248 311 1310 ticas
325 1267 396 1328 quae
407 1249 594 1311 auctoritate
606 1248 756 1328 Episcopi
771 1249 935 1328 eriguntur
948 1255 979 1312 et
991 1249 1210 1312 conferuntur.

231 1347 398 1425 Simplices
407 1346 590 1424 capellaniae
599 1363 664 1408 non
674 1351 747 1408 sunt
756 1347 925 1421 heneficia;
939 1347 1095 1410 collativae
1105 1353 1211 1409 autem

229 1444 391 1506 beneficiis
404 1448 624 1505 accensentur.

187 1548 190 1555 '
268 1546 298 1601 4.
323 1541 445 1602 Dicitur
451 1540 507 1620 jus
514 1533 701 1621 perpetuom,
716 1546 785 1602 tum
798 1542 920 1606 ratione
932 1541 1032 1621 ipsius
1046 1539 1209 1620 beneficii,

227 1644 296 1701 tum
307 1638 428 1699 ratione
439 1638 646 1700 beneficiarii.
658 1639 1102 1720 Beneficiumipsumperpetuo
1112 1641 1209 1704 debet

226 1736 411 1815 perdurare,
437 1735 481 1797 ita
504 1740 538 1798 ut
560 1752 634 1798 cum
653 1736 814 1798 amotione
829 1738 876 1798 vel
899 1741 1002 1798 morte
1026 1736 1206 1800 beneficiati

225 1850 290 1895 non
313 1834 460 1911 exspiret,
490 1834 546 1894 sed
569 1837 658 1894 vacet
681 1838 804 1895 tantum
820 1839 851 1896 et
868 1834 960 1896 alteri
976 1835 1207 1896 conferendum

226 1929 276 1991 sit.
294 1931 465 2008 Propterea
487 1931 592 1993 differt
606 1930 799 1993 beneficium
814 1949 833 1992 a
850 1931 993 2012 pensione,
1012 1951 1084 2010 quae
1102 1937 1209 1995 morte

224 2028 418 2107 pensionarii
436 2028 660 2108 exstinguitur.

264 2126 396 2187 Ratione
411 2125 580 2207 beneficiati,
602 2125 797 2205 perpetuitas
811 2126 959 2188 beneficii
982 2126 1112 2207 proprie
1127 2127 1204 2189 dicti
1291 2157 1292 2162 κ

225 2223 369 2284 consistit
391 2225 424 2284 in
439 2243 477 2286 eo
491 2224 577 2305 quod
590 2223 782 2286 heneficium
795 2241 860 2284 non
873 2225 1055 2286 conteratur
1069 2227 1108 2286 ad
1124 2229 1204 2286 tem·

225 2343 294 2403 pus,
306 2325 359 2383 sed
375 2322 408 2382 in
423 2323 552 2384 titulum
565 2327 755 2402 perpetuum
768 2323 852 2383 etad
867 2321 935 2382 dies
948 2322 1079 2396 sitae‚ite
1095 2329 1130 2385 ut
1150 2341 1205 2384 au-

224 2423 299 2485 ferri
307 2425 442 2500 nequeat
452 2421 518 2482 sine
535 2438 629 2482 causa
641 2437 697 2498 per
711 2419 1057 2497 canonesapprohata.
1077 2419 1203 2482 Idcirco

224 2519 353 2603 proprie
373 2518 552 2580 beneficiati
572 2536 636 2579 non
659 2524 744 2591 sunt,
758 2518 812 2598 qui
825 2516 873 2577 vel
890 2515 1035 2578 obtinent
1048 2507 1203 2580 benificia
1288 2517 1289 2541 ¹

225 2618 382 2682 manualia
396 2617 435 2676 ad
448 2621 561 2676 nutum
576 2615 749 2695 superioris
762 2611 965 2688 revocabilis,
979 2613 1027 2674 vel
1041 2615 1095 2691 qui
1104 2615 1203 2674 admi·
1286 2633 1288 2684 J

224 2716 359 2778 nistrant
371 2713 562 2776 heneficium
574 2709 696 2786 vacans,
712 2713 760 2772 vel
777 2709 830 2791 qui
845 2716 958 2790 gerunt
973 2711 1042 2772 illas
1053 2712 1203 2772 adminis·
1286 2725 1287 2751 t

226 2815 375 2877 trationes
391 2830 461 2894 quae
485 2815 587 2874 morte
600 2809 805 2873 concedentis
828 2809 998 2890 exspirant,
1014 2828 1044 2872 v.
1068 2829 1100 2890 g.
1117 2810 1203 2872 vica·
1285 2817 1286 2857 l

223 2913 288 2976 rius
303 2913 468 2996 generalis.

261 3015 420 3087 Attamen,
437 3015 569 3090 propter
585 3008 725 3087 priorem
743 3005 1002 3085 perpetuitatem,
1027 3006 1203 3070 beneflcio·
1283 3019 1284 3065 l

223 3125 293 3168 rum
315 3127 449 3171 numero
470 3107 694 3170 adscribuntur
713 3104 868 3167 beneficia
885 3105 1042 3166 manualia
1058 3111 1090 3167 et
1108 3126 1202 3189 regu·
1281 3099 1283 3182 l

221 3205 308 3279 laria,
323 3206 399 3268 licet
412 3207 551 3269 revocari
567 3205 690 3284 possint
702 3205 742 3264 ed
756 3203 952 3266 voluntatem
968 3205 1201 3288 superioris(l).
1279 3191 1282 3275 l

221 3301 509 3367 Beneficium‘vero'
523 3304 633 3366 stricte
654 3308 827 3382 sumptum,
854 3306 950 3380 prout
964 3301 1043 3362 illud
1058 3320 1201 3366 commu·
1279 3275 1281 3381 l

218 3397 301 3458 niter
328 3400 495 3478 accipiunt·
514 3418 668 3477 cenoneS,
693 3403 862 3478 utramque
884 3398 1133 3478 perpetuitatem
1151 3417 1203 3464 re·
1277 3381 1280 3485 l

217 3496 326 3577 quir-it.

242 3630 275 3694 (1)
288 3627 513 3692 Schmalzgrueber‚
527 3629 570 3681 lib.
584 3628 620 3680 ΙΙΙ
634 3628 814 3692 Decretolium,
823 3629 865 3683 tit.
876 3643 901 3692 v,
914 3629 929 3693 §
942 3630 966 3680 l.
