2604 4264
456 210 529 256 PARS
551 211 715 257 stacteus.
1018 216 1069 264 let

131 329 171 390 ΙΙ.
193 326 305 388 Clerici
323 335 391 418 sunt
407 325 518 387 domini
541 326 680 388 bonorum
708 328 926 410 beneficentiam,
949 351 1016 413 qnae
1037 335 1078 395 od

86 427 240 488 honestam
257 425 494 485 sustentationem
519 423 649 506 insonum
674 430 833 488 necessaria
853 436 931 491 sont.
947 433 1073 493 Itasen-

86 525 193 587 tentia
208 522 400 585 communis.

131 621 232 684 Prob.
248 621 278 681 Ι.
295 621 341 681 Ex
352 617 493 681 Concilio
502 618 687 680 Tridentino
698 619 916 700 (l)statuente,
929 627 963 686 ut
975 623 1073 686 bene·
1186 599 1191 614 ¹

83 718 202 794 ficiati‚
221 717 399 777 dnmmodo
416 714 587 791 resideant,
602 698 724 779 fructus
739 736 811 779 suos
825 717 962 794 lanianti
985 721 1072 800 atqui

85 813 1072 892 fructussuosfacereapertesignificatacquisitionemdominii.

136 913 231 974 Prob.
244 915 274 972 Ξ.
292 913 336 972 Ex
353 909 494 972 ratione:
513 909 604 972 miles
614 915 647 972 et
659 912 819 990 operarius
835 913 1029 991 stipendium
1042 920 1074 977 et

90 1010 280 1072 mercedem
296 1007 371 1068 lacit
386 1023 475 1067 suam
495 1008 598 1086 quoad
619 1009 811 1070 dominium.
827 1011 924 1090 Atqui
939 1011 1073 1074 clericus

91 1113 146 1170 est
159 1106 251 1167 miles
266 1109 297 1166 et
311 1105 471 1184 operarius
484 1103 519 1164 in
530 1104 621 1166 vinea
635 1106 774 1167 Domini.
791 1108 873 1185 Ergo
889 1108 1009 1169 fructus
1022 1108 1076 1171 be-

90 1203 410 1278 neficiales'honestae
424 1202 646 1265 sustentationi
658 1203 831 1282 assignatos
843 1204 919 1266 facit
929 1223 1014 1269 suos.

135 1304 189 1366 111.
212 1301 261 1362 Ad
282 1300 392 1360 reditas
407 1298 569 1380 superfluos
587 1298 817 1364 beneficiorum
842 1304 928 1382 quod
949 1302 1072 1378 attinet,

92 1402 162 1464 duo
178 1399 315 1460 dicenda
325 1401 397 1460 sunt
412 1416 419 1458 :

139 1501 170 1557 Ι.
181 1496 283 1558 Valde
295 1494 456 1574 probabile
465 1500 523 1570 est,
538 1494 671 1559 clericos
682 1511 749 1556 esse
760 1496 907 1558 dominos
916 1495 1076 1558 redituum

91 1591 334 1656 beneficialium
344 1593 439 1654 etiam
454 1595 696 1670 superfluorum,
714 1593 757 1654 ita
769 1598 877 1656 tamen
892 1598 927 1656 ut
939 1593 1078 1660 habeant
1136 1609 1138 1615 ’

93 1693 326 1774 obligationem
343 1711 397 1755 eos
412 1693 445 1753 in
459 1693 530 1772 pios
545 1711 618 1754 usus
633 1693 852 1772 impendendi.
870 1695 995 1756 Etenim
1008 1695 1076 1756 cle·
1144 1695 1146 1698 ’

92 1791 154 1854 rici
169 1792 255 1854 bona
265 1791 441 1854 necessaria
455 1796 487 1852 et
502 1793 659 1869 superflua
670 1790 788 1853 habent
800 1792 933 1854 confusa
945 1797 976 1855 et
986 1809 1076 1855 com·

92 1891 206 1966 mixta,
228 1890 387 1967 siquidem
403 1906 468 1950 non
487 1889 679 1951 discernitur
699 1906 739 1949 an
758 1888 828 1953 baec
851 1889 956 1967 portio
973 1889 1014 1950 sit
1035 1890 1075 1952 de

92 1987 294 2060 necessariis,
319 1992 351 2048 et
371 1987 425 2048 illa
445 1985 596 2048 debonis
619 1986 796 2062 superfluis.
821 1988 936 2049 Omnes
955 1986 1076 2048 reditus

93 2085 167 2165 pari
182 2085 253 2164 June
276 2084 507 2158 conceduntur,
535 2083 674 2161 ideoque
693 2082 760 2160 pari
781 2082 853 2162 jure
875 2083 998 2144 censeri
1023 2083 1077 2144 de-

95 2182 190 2244 bent.
205 2182 300 2260 Igitur
314 2180 437 2242 ratione
448 2181 542 2262 hujus
555 2179 792 2254 commixtionis
810 2179 990 2242 beneficiati
1005 2185 1078 2242 sunt

94 2279 224 2341 domini
237 2279 331 2340 etiam
345 2280 579 2356 superfluorum
594 2277 646 2357 (Ι).
734 2291 736 2294 ·

134 2380 166 2437 2.
192 2377 323 2448 Quando
346 2375 524 2453 disputatur
541 2375 581 2436 de
601 2374 796 2454 obligatione
816 2374 1077 2437 beneficiatorum

95 2474 251 2552 erogandi
270 2475 429 2553 superflua
451 2472 484 2532 in
505 2472 573 2550 pias
594 2489 714 2551 causas,
739 2478 834 2553 caput
854 2471 1077 2534 controversiae

95 2576 242 2647 nonest,
266 2576 373 2633 utrum
393 2569 503 2632 clerici
521 2569 755 2632 beneficialium
772 2571 934 2632 redituum
954 2567 1077 2630 domini

95 2669 281 2749 appellandi
294 2669 366 2743 sint,
381 2685 423 2728 an
437 2668 670 2745 dispensatores
683 2674 805 2731 tantum
816 2671 864 2730 vel
877 2666 1079 2729 administra·

95 2772 195 2829 tores.
216 2766 383 2845 Equidem,
406 2765 433 2826 si
453 2766 562 2828 clerici
579 2767 640 2828 sint
660 2768 812 2828 duntaxat
829 2766 1077 2842 dispensatores,

96 2863 253 2943 obligatio
274 2863 407 2942 justitiae
432 2863 572 2944 apertius
595 2863 629 2924 in
655 2863 764 2925 oculos
790 2860 935 2922 incurrit.
961 2859 1078 2919 Verum

96 2961 172 3024 idea
188 2961 322 3024 dominii
339 2979 404 3023 non
422 2961 562 3023 excludit
577 2959 805 3039 obligationem
824 2956 1023 3036 personalem
1040 2973 1079 3017 ex

94 3059 221 3138 Justitia
234 3059 405 3138 prestandi
423 3058 603 3138 quidpiam3
621 3057 666 3118 sic
681 3055 782 3118 haeres
796 3055 893 3116 totius
911 3053 1080 3115 haeredita-

98 3157 137 3218 tis
152 3157 333 3230 dominium
343 3155 490 3236 acquirit,
502 3155 561 3218 etsi
574 3157 704 3216 onerata
717 3153 758 3214 sit
771 3151 886 3214 debitis
909 3155 941 3214 et
954 3150 1076 3232 legatis,

99 3255 217 3333 quibus
231 3256 402 3335 exjustitia
414 3255 596 3316 satisfacere
606 3250 702 3314 debet
715 3250 771 3331 (3).

128 3407 162 3468 (t)
178 3405 244 3456 sess.
256 3406 348 3467 XXIll,
364 3421 419 3468 cap.
431 3420 450 3467 1,
460 3413 485 3456 et
495 3417 554 3456 sess.
569 3403 657 3467 XXIV,
670 3415 727 3464 cap.
738 3415 785 3463 κη,
797 3401 828 3450 cle
842 3401 951 3466 Reform,
1051 3427 1058 3440 ·

130 3488 166 3548 (i)
179 3486 292 3548 Pirhing,
305 3486 347 3535 lib.
362 3486 407 3548 ΙΙΙ,
418 3487 459 3535 tit.
470 3485 572 3548 xxv,·de
588 3483 688 3536 Peculio
703 3482 858 3533 clericorum.

130 3563 167 3628 (3)
181 3567 315 3628 zellinger,
327 3565 411 3615 eodem
422 3564 509 3616 titolo.
