2594 4286
456 229 529 274 PARS
550 229 712 276 sanemus.
1056 230 1070 276 9

135 341 226 405 Proh.
244 347 287 406 1⁰.
313 345 359 410 Ex
378 352 490 409 natura
510 352 607 410 status
629 348 780 428 religiosi.
810 349 870 410 Iste
896 353 993 412 status
1019 365 1071 410 re-

98 442 193 521 quirit
208 444 315 506 media
340 446 542 526 perfectionis
567 447 780 526 acquirenda,
809 453 840 508 et
866 446 1072 510 stabilitatem

97 541 349 604 convenientem.
366 544 461 622 Atqui
476 544 545 606 baeo
562 545 626 605 duo
640 543 796 606 habentur
821 545 1073 624 independenter

97 655 113 698 a
130 639 331 702 solemnitate
345 646 500 704 votorum.
520 647 550 703 1⁰
566 645 644 705 Sunt
660 643 765 705 media
779 642 893 723 quibus
905 660 1072 706 removen-

97 738 386 817 turimpedimenta
397 741 609 820 perfectionis,
622 742 771 803 videlicet
779 748 853 803 vota
861 757 935 804 cum
943 740 1069 822 regulis.

96 835 194 914 Majus
206 836 338 915 quidem
353 837 594 900 incitamentum
609 839 648 900 ad
666 839 816 919 pietatem
837 844 1010 918 praestatur
1021 856 1073 900 so-

97 933 260 994 lemnitate
283 939 439 1012 votorum,
457 955 528 1016 quae
554 938 731 1016 pleniorem
750 937 887 1017 propriae
902 935 1072 1000 voluntatis

96 1033 332 1096 abdicationem
353 1036 464 1112 elficit3
490 1039 546 1100 sed
571 1044 642 1100 vota
663 1038 820 1117 simplicia
840 1038 958 1100 habent
974 1038 1076 1100 etiam

96 1133 160 1193 vim
176 1132 386 1197 sufficientem
404 1137 565 1197 avertendi
583 1137 726 1198 animum
749 1153 767 1196 a
792 1135 1032 1216 cupiditatibus,
1054 1152 1072 1195 a

98 1247 204 1292 rerum
220 1232 443 1310 temporalium
459 1233 684 1306 sollicitudine,
705 1251 723 1294 a
745 1234 882 1314 propriae
906 1233 1073 1296 voluntatis

97 1329 344 1391 inordinatione.
367 1331 465 1410 Majns
486 1336 518 1393 et
536 1331 639 1392 minus
658 1349 721 1392 non
737 1331 858 1393 variant
872 1332 1004 1411 species,
1030 1331 1075 1392 ait

98 1429 225 1488 Suarez.
245 1431 277 1488 2⁰
298 1428 387 1488 Idem
410 1429 582 1490 dicendum
597 1430 637 1490 de
650 1430 832 1491 stabilitate.
847 1429 946 1509 Major
957 1433 1003 1489 est
1015 1432 1074 1488 sta·

99 1525 205 1585 bilitas
219 1524 253 1584 in
266 1525 471 1603 religionibus
492 1526 696 1602 solemnibus,
713 1527 787 1606 quia
801 1531 911 1588 mutua
932 1531 979 1587 est
994 1524 1075 1586 obli-

98 1622 184 1701 gatio
206 1623 343 1702 religiosi
368 1629 399 1684 et
421 1624 582 1704 religionis
608 1644 615 1686 :
641 1627 718 1686 dum
737 1642 852 1687 vovens
878 1641 911 1685 se
929 1623 1075 1703 religioni

98 1719 197 1781 tradit
218 1719 250 1780 in
268 1726 470 1800 perpetuum,
486 1721 554 1800 ipsa
576 1721 687 1800 religio
702 1722 834 1801 suscipit
849 1720 1076 1800 obligationem

98 1818 190 1879 illum
203 1817 372 1880 retinendi.
390 1821 460 1880 Non
476 1819 520 1881 ita
533 1838 566 1883 se
585 1819 727 1900 obligant
741 1821 780 1880 ad
802 1820 938 1881 invicem
951 1819 1031 1880 ordo
1046 1824 1078 1880 et

99 1916 265 1996 religiosus
280 1917 312 1978 in
327 1917 571 1996 congregatione
585 1923 733 1978 votorum
743 1917 953 1996 simplicium,
970 1921 1078 1978 tamen

100 2013 256 2075 stabilitas
280 2019 328 2076 est
344 2015 502 2078 sufficiens
526 2035 534 2077 ε
561 2015 721 2095 professus
744 2032 809 2076 non
830 2011 1078 2093 potestpropria

101 2116 213 2190 sponte
234 2114 395 2188 recedere,
413 2118 445 2175 et
467 2114 546 2174 ordo
560 2130 623 2175 non
638 2113 735 2174 debet
752 2129 836 2186 eum,
860 2110 922 2172 nisi
937 2111 976 2173 de
993 2110 1078 2188 gravi

102 2227 207 2286 causa,
225 2210 396 2272 dimittere.

143 2307 234 2369 Proh.
248 2311 294 2371 2⁰.
311 2309 356 2369 Ex
370 2308 466 2369 bullis
480 2309 620 2389 Gregorii
634 2311 715 2384 Xlll,
736 2308 852 2389 quibus
866 2307 1014 2370 statuitur
1026 2307 1044 2368 J
1047 2323 1079 2367 e-

104 2407 423 2482 suitasscholasticos,
437 2409 579 2486 quamvis
591 2409 737 2470 emittant
748 2414 818 2470 vota
828 2406 996 2485 simplicia,
1008 2421 1080 2466 vere

103 2505 268 2583 religiosos
285 2521 363 2566 esse.
388 2505 495 2566 -Sic
513 2505 601 2567 finita
617 2511 675 2581 est,
691 2504 866 2586 apostolica
879 2504 1077 2576 auctoritate,
1139 2527 1142 2533 ·

105 2605 253 2686 quadam
266 2606 358 2665 antea
372 2603 509 2664 existens
524 2603 737 2666 controversia
753 2601 807 2684 (l).

155 2804 171 2868 ς
185 2802 211 2855 3.
225 2829 251 2840 -
268 2802 466 2856 institutorum
487 2802 573 2856 varie
589 2802 698 2870 species
712 2803 823 2856 ratione
841 2805 970 2856 votorum
986 2801 1032 2865 (2).

145 2957 292 3021 Instituta
308 2959 466 3040 religiosa,
481 2959 545 3022 lato
558 2974 652 3025 sensu
664 2959 842 3034 intellecta,
862 2961 935 3019 sunt
947 2957 1084 3036 triplicis

108 3057 230 3132 generis
256 3077 263 3119 :
289 3057 449 3137 religiones,
476 3052 583 3120 caeteri
604 3057 717 3117 ordines
741 3075 796 3119 seu
823 3056 1082 3137 congregationes

110 3154 277 3232 religiosae,
295 3155 530 3234 congregationes
543 3153 718 3234 improprie
733 3154 838 3216 dietae.

149 3252 211 3313 Per
223 3252 374 3332 religiones
381 3251 613 3334 propriedictos,
624 3251 845 3330 intelliguntur
856 3250 1000 3314 instituta
1012 3265 1084 3330 quae

113 3349 231 3413 babent
242 3354 341 3412 status
355 3350 495 3429 religiosi
511 3349 681 3411 essentiam
696 3365 770 3410 cum
782 3348 862 3412 votis
876 3349 1081 3411 solemnibus.

145 3511 176 3572 (Ι)
189 3511 301 3573 Gregorii
314 3493 470 3562 lllll'Const.
488 3509 585 3572 Quanto·
595 3508 759 3573 fructuosius.

145 3590 181 3655 (2)
194 3593 281 3655 Bouix,
297 3591 330 3642 de
344 3592 520 3656 deputontur,
533 3603 591 3654 pars
599 3591 632 3654 11,
642 3603 697 3652 cap.
712 3602 729 3640 r.
