2594 4286
443 293 517 342 PARS
539 291 702 351 sebelinis.
1025 285 1059 334 23

80 413 161 476 saria
192 413 371 490 ordinibus,
399 419 435 476 ut
457 412 639 480 institutum
654 413 791 492 erigatur
806 410 841 472 in
859 406 1060 488 religionem.

79 519 112 574 2⁰
126 513 328 594 Approbatio
342 515 374 576 S.
391 512 466 576 Sedi
476 517 664 576 reservatur.

119 613 185 672 lsta
197 613 248 673 lex
256 617 305 674 est
316 611 410 675 simul
424 609 596 689 prohibens
612 614 642 670 et
654 608 791 671 irritans.
805 605 931 670 Etenim
944 605 974 665 l⁰
986 605 1061 666 Gon·

80 709 193 770 cilium
206 710 416 788 Lugdunense
437 707 598 786 improbat
612 707 740 768 ordines
766 707 819 784 qui
841 703 962 766 nullam
986 718 1062 789 con·

78 807 298 868 firmationem
311 807 401 868 Sedis
417 807 611 885 Apostolicae
624 809 819 866 meruerunt.
833 807 866 864 2⁰
879 801 1061 863 Institutnm

78 903 282 982 prohibitum
306 921 371 965 non
406 910 453 965 est
482 909 580 965 status
606 903 822 982 perfectionis,
854 918 959 980 neque
987 904 1061 962 vota

81 1002 202 1064 emittit
212 1002 345 1064 nomine
356 1001 413 1064 Dei
425 1006 456 1064 et
471 1002 636 1065 Ecclesia.

118 1099 219 1179 Igitur
234 1099 325 1162 irrita
341 1105 388 1162 est
402 1099 558 1180 professio
581 1101 665 1164 tacta
682 1100 716 1160 in
729 1096 912 1179 hujusmodi
932 1095 1062 1160 Ordini-

81 1195 153 1259 bus.

117 1296 183 1357 Lex
199 1313 264 1358 non
283 1299 407 1357 tantum
426 1294 589 1358 intellecta
606 1299 654 1357 est
668 1294 708 1356 de
726 1291 933 1373 religionibus
947 1283 1060 1353 solem-

75 1393 184 1466 nibus,
196 1395 252 1454 sed
263 1387 868 1472 etiamcompleotitur'Gongregationes
883 1389 1058 1468 religiosas,

77 1492 259 1570 praesertim
283 1491 549 1570 congregationes
573 1508 647 1554 cnm
665 1490 744 1552 votis
759 1487 971 1568 simplicibus,
992 1487 1060 1547 Hoc

77 1593 205 1652 constat
221 1610 228 1653 :
245 1591 275 1652 1ο
289 1592 334 1652 llx
347 1589 451 1652 verbis
461 1577 539 1670 legis
552 1611 558 1651 :
573 1589 701 1650 ordinem
712 1597 765 1662 oct
775 1588 953 1668 religionem.
970 1588 1002 1645 2⁰
1014 1583 1062 1646 Ex

78 1689 143 1749 fine
158 1688 237 1768 legis
252 1707 259 1750 :
276 1691 325 1750 lex
338 1689 467 1750 condita
490 1689 551 1749 fnit
572 1705 613 1750 ne
632 1685 776 1748 conlusio
800 1685 1003 1746 induceretur
1023 1699 1060 1743 ex

76 1785 180 1846 nimia
196 1786 401 1848 multitudine
412 1786 578 1848 Ordinum.

120 1884 357 1946 consuetudine
366 1884 432 1963 jam
446 1883 613 1944 inductum
628 1886 685 1955 est,
699 1879 969 1943 consentientibus
979 1879 1060 1940 Pon·

78 1981 232 2055 illicibus,
250 1987 387 2044 utnovae
409 1979 674 2059 Congregationes
697 1979 853 2058 religiosae
874 1979 913 2040 de
937 1979 1003 2039 sola
1025 1976 1061 2037 li-

77 2080 185 2142 centia
197 2079 428 2157 Episcoporum
442 2077 679 2138 inchoarentur.

119 2179 172 2240 IV.
188 2175 301 2238 Norma
320 2173 449 2256 erigendi
467 2193 553 2236 novos
571 2181 737 2236 conventus.
764 2177 847 2234 --1ο
865 2175 902 2234 ln
917 2172 1060 2235 tribuna·

79 2275 164 2338 libus
184 2275 335 2349 romanie,
361 2274 406 2334 ait
435 2272 627 2334 Benedictus
648 2275 728 2347 XIV,
759 2272 938 2334 communis
964 2270 1060 2332 evasit

79 2374 249 2447 sententia,
273 2390 338 2434 non
357 2371 452 2433 licere
479 2370 675 2450 regularibus
696 2387 814 2432 novum
832 2370 1061 2432 monasterium

79 2473 203 2551 erigere
215 2472 281 2532 sine
292 2470 421 2531 licentia
436 2471 467 2532 S.
487 2470 589 2532 Sedis.
605 2469 692 2530 Istud
706 2469 942 2548 beneplacitum
957 2471 989 2532 S.
1008 2471 1061 2531 Se-

79 2571 130 2631 dis
145 2587 211 2632 non
223 2567 347 2630 videtur
361 2567 574 2629 necessarium
594 2568 697 2646 quoad
711 2568 973 2646 congregationes
989 2586 1059 2647 quae

78 2674 152 2730 vota
164 2667 320 2729 solemnia
334 2683 399 2727 non
412 2666 542 2728 habent.

120 2770 153 2826 2⁰
176 2767 253 2828 lure
274 2764 438 2824 communi
456 2759 544 2843 juxta
563 2764 740 2826 Concilium
767 2765 855 2826 Trid.
885 2765 1060 2844 requiritur

80 2864 180 2943 ipsius
193 2862 343 2941 Episcopi
355 2861 593 2940 licentia,qnam
603 2863 737 2926 vicarius
751 2865 904 2944 generalis
915 2881 976 2924 non
988 2881 1061 2924 eon-

81 2963 168 3024 cedit
183 2961 303 3040 absque
330 2961 459 3044 speciali
478 2961 638 3023 mandato.
666 2962 840 3041 Episcopus
858 2979 922 3023 non
942 2966 1057 3039 potest,

82 3065 149 3124 sine
162 3061 344 3123 rationabili
358 3079 462 3135 causa,
491 3077 561 3122 eam
580 3062 754 3136 denegare;
772 3061 827 3121 sed
842 3064 970 3121 tenetur
986 3077 1061 3138 pro-

82 3157 1060 3240 spicerenenovusconventusdetrimentumafferat,sivereli-

82 3258 178 3338 giosis
198 3256 352 3318 institutis
364 3255 396 3316 in
412 3256 483 3317 loco
491 3255 557 3334 jam
572 3253 790 3328 existentibus,
809 3253 872 3315 sive
885 3256 1056 3332 parochiis.

121 3361 153 3418 3⁰
164 3357 197 3418 Si
208 3357 439 3435 Episcoponon
450 3358 574 3416 constet
584 3359 774 3415 conventum
787 3353 855 3414 sine
866 3353 1058 3416 detrimento

83 3456 220 3518 aliorum
235 3455 313 3535 erigi
337 3471 443 3534 posse,
469 3459 558 3514 snam
576 3471 641 3514 non
656 3453 717 3514 lert
733 3453 933 3527 sententiam,
949 3459 1059 3515 contra

83 3569 178 3632 quam
198 3553 292 3614 datur
306 3551 487 3630 appellati0,
508 3550 567 3611 nisi
592 3551 710 3612 vocatis
729 3553 760 3610 et
779 3549 896 3610 auditis
921 3565 1059 3609 conven-

83 3657 173 3714 tuum
190 3649 365 3713 Prioribus.
391 3657 393 3660 ’
423 3719 424 3722 ¹
