2594 4286
211 313 242 364 ib
378 317 534 364 exroswlo
557 317 731 363 Earnoblct
754 318 836 364 touls
859 317 1014 364 GAb'ONlCI.

249 441 341 517 Prop.
364 440 414 499 ll¹.
435 438 498 498 Len
509 437 600 498 a'ailt'e
614 457 670 497 aaa
685 436 803 519 impedit
821 436 1040 519 incapacitatem
1061 433 1187 496 dominii

208 536 538 598 etaatisalcrant'tatem.
1032 595 1035 606 .

127 655 130 660 ·
247 632 338 694 Prot.
360 637 391 695 l⁰
405 635 449 695 Ex
462 635 524 696 fine
537 634 688 696 Ecclesiae
700 633 843 713 proprio.
862 667 901 678 -
921 622 1063 694 Ecclesia
1076 630 1110 691 in
1130 647 1182 692 res

116 765 119 770 ,
206 732 397 808 temporales
411 735 600 811 potestatem
617 731 714 792 babet
728 735 881 811 quantum
894 728 1027 807 requirit
1041 727 1113 788 finis
1128 727 1182 806 ip-

206 825 280 889 sius.
298 828 393 906 Atqui
409 834 443 890 ut
454 828 597 890 Ecclesia
607 829 708 889 valeat
720 834 837 890 statum
850 826 1033 906 religiosum
1046 825 1182 905 perlice-

207 940 252 1000 re,
270 924 366 987 debet
378 927 622 1005 incapacitatem
636 927 769 990 dominii
782 927 861 988 votis
874 926 1038 987 inducere.

246 1020 338 1084 Prab.
352 1027 383 1084 E·
393 1026 439 1085 Ex
450 1024 595 1086 doctrina
607 1025 821 1086 communiter
833 1027 961 1102 recepta
971 1017 1055 1102 apud
1068 1022 1182 1102 proba-

206 1123 255 1180 tos
270 1127 424 1196 auctores,
434 1123 588 1184 'Ecclesia
598 1121 814 1202 jurisdictioni
827 1121 992 1200 subjacent
1006 1138 1111 1182 causae
1127 1138 1182 1182 ec-

206 1216 404 1292 clesiasticae,
422 1203 580 1293 videlicet,
600 1238 670 1298 quae
686 1219 864 1298 spirituales
879 1223 951 1278 sunt
969 1217 1016 1279 rel
1032 1218 1183 1295 spiritua-

207 1312 290 1374 libus
311 1333 449 1377 annexae.
476 1316 572 1394 Atqui
596 1317 697 1396 agitur
720 1316 815 1377 dere
842 1332 984 1376 connexa
1006 1332 1080 1376 cum
1106 1321 1181 1377 voto

207 1413 413 1490 paupertatis,
429 1414 540 1474 -Lex
553 1412 652 1474 civilis
666 1413 774 1492 nequit
786 1412 996 1492 incapacitcm
1008 1412 1178 1491 impedire,

206 1508 289 1571 sicut
309 1509 420 1588 nequit
443 1511 678 1572 solemnitatem
697 1512 759 1573 voti
783 1510 995 1584 constituere3
1022 1509 1085 1570 sive
1108 1509 1183 1587 quia

206 1608 388 1668 solemnitas
403 1625 440 1669 ex
450 1609 608 1670 voluntate
620 1607 770 1670 Ecclesia
783 1607 895 1682 oritur,
913 1608 976 1669 sive
991 1608 1064 1686 quia
1076 1611 1179 1686 potes·

205 1709 253 1766 tas
265 1705 438 1767 civilisnon
452 1692 546 1768 debe't
561 1706 804 1786 incapacitatem
819 1704 950 1767 dominii
966 1711 1105 1767 statuere
1118 1703 1180 1765 nisi

206 1808 337 1881 propter
354 1803 485 1865 crimen.
821 1803 823 1808 ’

245 1899 336 1960 Prot.
351 1903 384 1961 3ο
397 1902 441 1961 Ex
454 1902 542 1980 praxi
557 1901 708 1964 Ecclesia
722 1919 793 1980 quae
806 1919 863 1980 per
876 1902 966 1979 plura
981 1901 1097 1965 saecula
1108 1907 1181 1964 tan·

206 2015 300 2076 quam
315 1998 476 2074 religiosos
491 2000 626 2061 dominii
644 2001 812 2078 incapaces
827 1999 941 2060 habuit
958 2000 1118 2077 professos
1133 2001 1184 2061 di-

206 2113 367 2157 versorum
381 2097 545 2172 Ordinem,
561 2097 703 2176 quamvis
718 2102 858 2176 potestas
874 2095 972 2158 civilis
986 2102 1056 2158 vota
1067 2099 1183 2159 solem·

206 2195 260 2279 nie
283 2213 347 2255 non
370 2200 566 2275 agnosceret,
586 2215 612 2256 v.
641 2212 672 2273 g.
690 2195 725 2255 in
748 2192 929 2273 regionibus
953 2193 1131 2255 infidelium
1150 2199 1182 2257 et
1217 2214 1219 2218 ’

206 2293 445 2356 haeretieorum.
478 2295 504 2354 A
530 2293 631 2355 tribus
663 2281 798 2366 saeculis,
836 2309 874 2356 ex
903 2293 1062 2371 responsis
1089 2294 1180 2355 Sedis

206 2391 411 2469 Apostolicae‚
428 2397 500 2452 vota
516 2393 719 2471 Regularium
740 2392 773 2453 in
791 2389 904 2469 Anglia
922 2396 994 2452 sunt
1012 2390 1178 2453 solemnia.

245 2487 340 2552 Prot.
359 2493 391 2559 4⁰
405 2492 450 2552 Ex
461 2490 666 2552 consectariis
679 2490 816 2551 adversae
830 2490 1006 2552 sententiae.
1018 2489 1182 2569 incapaci-

204 2593 251 2650 tas
273 2587 418 2664 dominii,
442 2606 480 2650 ex
493 2594 566 2650 voto
587 2587 721 2649 solemni
743 2587 885 2660 inducta,
905 2593 953 2649 est
970 2588 1178 2661 universalis;

204 2684 412 2765 proindenon
427 2687 546 2766 pendet
558 2704 576 2747 a
590 2685 713 2765 legibus
728 2687 932 2774 populorum.
948 2685 1098 2764 Alioquin
1110 2691 1140 2746 l⁰
1154 2689 1180 2748 A

205 2789 360 2862 potestate
383 2784 468 2846 civili
488 2785 643 2864 penderet
656 2789 698 2845 ut
712 2784 799 2844 nulla
821 2777 1041 2845 emitterentur
1054 2782 1087 2844 in
1103 2783 1181 2846 orbe

204 2887 276 2942 vota
296 2881 466 2945 solemnia.
491 2915 531 2928 -
546 2884 578 2943 2⁰
599 2881 691 2942 Irrita
710 2884 814 2942 essent
835 2879 868 2940 in
885 2881 1028 2957 quolibet
1043 2881 1115 2941 loco
1133 2899 1182 2941 so·

203 2977 323 3040 lemnes
338 2978 540 3058 Regularium
552 2977 779 3056 professionem
796 2993 872 3037 nam
885 2977 935 3038 lex
950 2976 1058 3038 Galliae
1070 2995 1180 3039 omnes

204 3059 367 3154 religiosos
382 3077 477 3140 etiam
488 3081 650 3139 extraneos
664 3073 759 3136 babet
770 3080 922 3154 tanquam
935 3073 1054 3150 habiles
1067 3076 1107 3136 ad
1124 3077 1182 3136 do-

204 3171 338 3233 minium
349 3173 382 3234 in
397 3175 503 3236 Galliis
518 3173 759 3253 acquirendum.
769 3175 850 3233 -30
861 3171 1000 3234 Extincti
1010 3178 1116 3234 essent
1131 3191 1182 3234 or·

203 3268 293 3330 dines
305 3267 359 3347 qui
367 3273 517 3349 componi
530 3271 648 3334 debent
658 3269 814 3350 religiosis
824 3269 1008 3331 solemniter
1018 3269 1177 3347 professis.

203 3367 353 3428 Errarent
380 3369 525 3430 Pontifex
552 3373 584 3431 et
609 3367 758 3446 Episcopi
784 3365 899 3446 quibus
921 3381 1107 3445 persuasum
1133 3374 1181 3430 est

116 3494 118 3508 =
204 3464 337 3527 existere
350 3481 439 3527 veros
451 3465 615 3542 religiosos
627 3482 701 3528 cum
714 3465 795 3527 votis
811 3454 1018 3526 solemnibus.

242 3560 335 3623 Prot.
359 3565 391 3624 5⁰
409 3562 562 3626 Habilitas
579 3563 618 3624 ad
635 3561 864 3642 acquirendum
879 3561 913 3622 in
929 3562 999 3624 foro
1017 3559 1100 3623 civili
1113 3577 1178 3624 non

203 3657 308 3721 obstat
332 3658 503 3738 quominus
524 3659 731 3723 observentur
751 3675 888 3723 canones
913 3659 953 3721 de
977 3663 1174 3739 paupertate.

947 4057 1201 4236 Δ·
1267 4165 1271 4170 ,
