2618 4252
477 267 551 312 PARS
573 268 736 314 sanemus.
1039 269 1094 316 295

119 382 285 444 Antistites
300 388 332 444 et
341 383 450 444 fideles
460 384 570 463 populi
583 401 658 446 cum
670 386 814 446 Romano
826 387 980 448 Pontifiee
995 387 1095 450 libere

119 499 157 544 ac
169 486 281 542 mutuo
296 482 534 545 communicent
546 483 600 561 (l).
617 503 633 540 n

158 581 195 641 ll.
223 578 279 639 Jas
298 577 414 658 ferendi
425 579 511 659 leges.
531 577 609 641 Cum
629 585 769 658 potestas
789 580 961 655 legislativa
980 600 1037 660 per
1060 599 1093 644 se

123 682 210 739 stans
231 682 262 738 et
283 677 500 754 independens
515 694 533 737 a
547 677 670 739 Christo
689 678 833 740 instituta
849 679 954 752 luerit,
981 684 1094 742 natura

118 776 163 837 rei
182 776 331 855 postulat,
355 779 391 836 ut
412 776 498 854 leges
517 775 742 838 ecclesiasticae
758 775 857 837 libere
876 782 1093 842 statuanturet

117 873 270 952 applicari
295 874 427 947 valeant,
458 872 535 952 quin
565 874 766 935 obstaculum
794 881 975 952 opponatur
996 874 1091 938 veluti

118 971 267 1033 Placitum
280 972 392 1051 regiam
407 971 460 1052 (2).

156 1071 208 1130 Ill.
223 1068 358 1129 Potestas
371 1067 526 1148 judicandi
540 1077 569 1130 et
580 1068 728 1150 parandi.
745 1069 895 1148 Ejusdem
910 1071 1088 1149 potestatis,

14 1151 16 1194 Γ
118 1185 189 1245 quae
204 1169 289 1245 leges
308 1167 428 1242 condit,
450 1173 498 1228 est
517 1167 613 1228 etiam
630 1173 699 1228 tum
715 1167 754 1227 de
774 1167 900 1228 illarum
922 1173 1091 1248 transgres-

115 1266 204 1327 sione
216 1265 370 1343 judicare‚
384 1270 453 1326 tum
469 1282 577 1344 poenas
592 1265 654 1326 reis
666 1265 852 1343 infligendas
866 1267 1088 1330 determinare.

115 1366 187 1424 Non
207 1362 283 1424 licet
296 1361 451 1441 gubernio
464 1360 550 1424 civili
564 1379 632 1424 sese
650 1361 833 1422 immiscere
849 1362 979 1439 judiciis
992 1361 1092 1424 eccle·

115 1457 263 1532 siastiois,
280 1464 333 1519 aut
342 1458 552 1520 hierarchiam
566 1459 597 1519 in
617 1460 718 1538 poenis
732 1458 909 1537 irrogandis
921 1459 1088 1538 impedire.

117 1558 315 1634 Quapropter
335 1557 460 1618 admitti
483 1575 549 1618 nou
566 1561 670 1637 potest
691 1555 848 1637 appellatio
864 1555 901 1616 ab
915 1555 1019 1632 abaco,
1036 1573 1092 1618 seu

117 1669 266 1714 recursus
278 1655 316 1713 ad
333 1653 510 1732 prinoipem
524 1655 567 1734 (id
578 1657 635 1728 est,
656 1655 695 1714 ad
710 1652 881 1715 tribunalia
901 1654 1088 1732 secularia),

115 1749 170 1810 uhi
191 1750 262 1829 quis
285 1768 342 1830 per
362 1750 496 1810 abusum
517 1751 682 1828 potestatis
707 1750 896 1829 episcopalis
916 1768 948 1811 se
971 1750 1089 1830 injusta

114 1848 300 1909 damnatum
316 1849 483 1910 existimat.

154 1944 371 2026 Appellatroaes
387 1947 424 2007 ab
437 1947 529 2007 abusa
553 1950 626 2007 sunt
640 1945 761 2007 illicitae
777 1949 810 2006 at
823 1945 979 2007 invalidae.
993 1947 1089 2010 Proh.

4 2085 5 2096 t
114 2046 143 2105 1.
165 2044 291 2109 ratione.
321 2046 370 2106 Ad
391 2048 495 2107 solum
515 2046 728 2124 legislatorem
747 2043 967 2122 interpretatio
981 2046 1088 2123 legum
1175 2111 1179 2116 ,

113 2147 245 2220 spectat.
270 2144 407 2205 Proinde
433 2162 472 2204 an
495 2145 546 2207 lex
571 2144 718 2222 quaedam
743 2159 831 2204 sacra
854 2143 1088 2220 perjudicium

112 2240 173 2300 rite
188 2240 344 2326 applicata
355 2242 461 2318 fuerit,
482 2241 608 2303 nonnisi
629 2239 774 2319 superior
791 2237 1021 2306 ecclesiasticus
1036 2240 1087 2300 de-

112 2335 219 2397 cidere
234 2343 348 2415 potest‚
372 2339 462 2418 cujus
486 2344 544 2414 est,
562 2340 666 2416 legem
684 2335 885 2415 interpretari
899 2342 931 2397 ct
947 2337 986 2398 de
1000 2342 1087 2398 recta

110 2434 252 2513 ejusdem
287 2435 499 2516 applicatione
529 2437 685 2517 judicare.
713 2438 822 2514 ltaque
853 2435 1025 2512 appellatio
1050 2433 1087 2494 ab

109 2531 202 2593 adasa
225 2534 409 2597 adversatur
430 2534 627 2598 distinctioni
653 2538 685 2596 et
698 2531 956 2612 independentiae
970 2529 1086 2591 utrius-

110 2647 170 2708 que
187 2632 365 2708 potestatis.
920 2641 924 2650 '

147 2725 336 2789 Relutantur
350 2735 532 2807 praetextus,
549 2730 664 2810 quibus
676 2729 760 2789 istud
774 2731 912 2804 systema
923 2720 1083 2784 innititur.

107 2823 233 2882 Primus
248 2829 295 2884 est
310 2843 440 2885 eccessas
452 2827 624 2906 potestatis;
641 2841 751 2886 verum
764 2821 907 2884 Christus
920 2818 1085 2881 constituit

106 2919 292 2994 Ecclesiam,
318 2938 382 2982 non
409 2924 600 3002 prinoipem,
625 2923 834 2998 interpretem
859 2915 939 2995 juris
965 2914 1082 2992 divini;
1158 3001 1163 3010 A
1251 2913 1254 2924 '

104 3022 300 3094 quapropter
324 3034 432 3079 earum
447 3037 554 3081 rerum
569 3018 710 3097 cognitio
727 3017 766 3100 ad
788 3017 889 3076 solam
908 3013 1083 3074 Ecclesiam

104 3111 252 3190 pertinet.
294 3115 439 3186 Alterum
466 3120 688 3196 argumentum
718 3119 777 3189 ast,
798 3111 985 3191 *Principem
1013 3127 1081 3173 esse

103 3208 282 3288 defensorem
302 3229 442 3273 caaoaam
453 3231 467 3289 ‚·
494 3215 550 3274 sed
566 3229 640 3274 cnm
663 3211 724 3291 ipsi
742 3226 880 3270 canones
909 3209 1081 3272 mandave-

104 3307 180 3380 rint,
221 3309 418 3386 superiorem
451 3310 703 3373 ecclesiasticum
736 3324 804 3370 esse
838 3307 1031 3384 adeundum,
1056 3304 1082 3367 si

134 3453 171 3519 (1)
186 3457 223 3506 Pil
238 3458 273 3506 lx
291 3458 412 3522 Syllabas
430 3461 595 3522 complectens
607 3459 748 3522 praecipuos
763 3464 855 3508 nostrae
868 3459 951 3508 oetatis
973 3471 1079 3518 errores,

100 3535 140 3596 ll,
156 3539 194 3586 la.

133 3617 165 3677 (2)
179 3616 269 3679 Supra,
283 3619 349 3668 Pars
358 3618 495 3683 percoctis,
511 3619 553 3669 lib.
569 3619 590 3680 1,
606 3618 643 3669 tit.
663 3633 682 3679 ι,
695 3618 727 3668 de
741 3618 858 3682 SadJ'erto
875 3617 965 3682 legum.
