2604 4264
194 285 246 342 Νι
368 292 524 338 uxrosmro
546 292 725 338 uurumma
745 289 1004 339 dunscanorum.

237 413 345 475 «Illud
360 411 530 489 diligenter
542 409 677 470 doceant
690 405 849 488 Episcopi,
864 424 902 468 ex
916 406 1062 470 omnihus
1075 406 1179 469 sacris

192 509 384 590 imaginibus
395 523 545 587 magnum
558 507 697 568 fructum
711 505 845 584 percipi.
861 527 876 564 n

232 609 285 669 lIl.
301 605 493 669 Sollicitudo
507 620 669 665 sacrarum
683 602 860 683 imaginum
874 601 1036 682 praecipue
1050 605 1181 680 spectat

194 704 234 766 ad
260 703 465 784 Episcopum.
494 701 575 764 Hinc
613 700 791 763 Concilium
816 699 1038 762 Tridentinum
1065 700 1181 762 decer·

195 800 242 864 nit
254 801 320 881 (l):
342 802 469 862 «Nullae
488 798 557 860 lalsi
574 799 732 878 dogmatis
746 796 899 877 imagines
917 803 949 859 et
967 796 1100 862 rudibus
1121 814 1179 880 pe-

194 897 326 961 riculosi
337 897 451 959 erroris
460 895 662 959 occasionem
673 897 853 976 praehentes
864 899 1051 957 statuantur.
1064 893 1179 956 Omnis

195 1016 292 1079 porro
300 997 483 1076 superstitio
493 998 525 1058 in
536 994 945 1069 Sanctoruminvocatione,
957 993 1179 1075 Reliquiarum

196 1094 399 1159 veneratione
409 1100 441 1156 et
452 1093 629 1173 imaginum
642 1112 732 1156 sacro
748 1113 806 1156 usu
827 1096 970 1168 tollatur;
989 1094 1094 1156 omnis
1109 1098 1181 1155 tur-

196 1193 245 1273 pis
260 1198 401 1272 quaestus
415 1193 615 1267 eliminetur;
634 1191 737 1254 omnis
751 1191 887 1271 denique
906 1189 1031 1253 lascivia
1045 1185 1178 1266 vitetur,

197 1289 241 1352 ita
253 1295 287 1352 ut
301 1290 431 1368 procaci
447 1294 608 1350 venustate
622 1289 775 1368 imagines
790 1308 854 1351 non
868 1290 1038 1369 pingantur
1050 1304 1112 1349 nec
1127 1305 1180 1348 or·

195 1393 322 1451 nentur.
335 1390 513 1462 Postremo,
526 1390 613 1447 tanta
630 1385 715 1448 circa
727 1386 798 1449 haec
817 1385 980 1464 diligentia
996 1392 1027 1448 et
1042 1403 1117 1449 eura
1135 1385 1178 1446 ab

195 1484 361 1564 Episcopis
375 1483 574 1560 adhibeatur,
595 1489 629 1545 ut
645 1483 723 1546 nihil
737 1483 962 1559 inordinatum,
978 1481 1058 1545 nihil
1068 1483 1181 1562 proia-

194 1600 280 1657 num,
300 1581 444 1659 nihilque
468 1579 671 1643 inhonestum
686 1580 847 1661 appareat,
868 1599 942 1644 eum
963 1583 1097 1643 domum
1117 1581 1178 1642 Dei

100 1735 105 1745 .
196 1680 307 1741 deceat
325 1677 514 1740 sanctitudo.
534 1681 609 1740 Haec
632 1685 667 1742 ut
690 1672 814 1740 fidelius
830 1679 1047 1753 observentur,
1066 1677 1182 1739 statuit

196 1777 477 1856 sanctasynodus,
501 1775 620 1838 nemini
635 1775 731 1840 licere
746 1775 778 1838 iu
792 1776 933 1838 Ecclesia
955 1776 1053 1838 ullam
1067 1774 1178 1836 insoli-

193 1879 260 1937 tam
288 1891 406 1952 ponere
435 1873 617 1953 imaginem,
642 1873 703 1935 nisi
735 1875 775 1935 ab
808 1873 965 1952 Episcopo
997 1873 1176 1952 approbata

195 1970 329 2034 luerit.»

234 2072 304 2131 Non
320 2069 396 2132 lieet
410 2071 581 2133 transferre
593 2087 697 2132 sacras
711 2069 873 2149 imagines,
891 2069 1050 2148 Episcopo
1074 2069 1174 2132 invito

195 2167 244 2228 vel
258 2166 495 2230 contradicente
511 2172 637 2229 rectore
647 2167 807 2228 Ecclesiae.

233 2263 400 2341 Imagines,
414 2263 535 2343 pictura
552 2271 605 2328 aut
627 2263 738 2327 statuis
756 2281 923 2344 expressa,
938 2263 1015 2325 etin
1028 2264 1174 2326 Ecclesia

194 2363 400 2439 collocandae,
421 2381 439 2423 a
453 2365 616 2425 sacerdote
634 2361 781 2446 privatim
796 2369 920 2425 tantum
938 2363 1087 2426 benedici
1100 2383 1175 2443 pos·

194 2464 276 2522 sunt.

223 2644 254 2704 (l)
264 2643 329 2694 ssss.
342 2645 417 2706 XXV,
428 2645 562 2696 Decretum
570 2645 601 2696 de
613 2645 770 2698 invocatione
785 2647 933 2698 Sanctorum
947 2650 972 2695 et
984 2643 1063 2694 sacris
1079 2644 1173 2708 imagi-

193 2723 275 2774 nibus.
