2618 4252
498 301 571 346 PARS
593 301 758 359 spectans.
1038 355 1043 364 ,
1062 308 1114 354 acl

92 419 94 422 ’
137 422 227 484 niam
256 439 382 502 semper
409 421 502 484 nobis
528 423 588 483 luit
618 437 768 500 magnum
792 424 934 485 studium
961 427 1116 492 unitatem

134 526 249 583 vestrae
287 521 481 601 Apostolicae
516 519 618 595 Sedis,
647 524 680 580 et
707 524 823 582 statum
857 528 1037 587 sanctarum
1060 529 1117 589 Dei

135 617 343 680 ecclesiarum
365 617 538 681 custodire.
564 639 578 676 n
607 619 791 694 Respondet
812 619 949 682 Joannes
969 618 1117 686 P'ontifex

135 717 269 779 laudans
291 722 323 778 et
343 714 545 796 approbans:
568 735 582 772 u
603 716 704 790 Quod,
724 716 799 796 quia
829 719 1013 794 apostoliam
1036 723 1116 784 doc·

132 815 229 876 trinae
243 815 402 889 convenit,
418 813 728 875 nostraauctoritate
743 815 968 876 confirmamus
985 820 1039 898 (l).
1056 839 1071 876 a

174 913 214 974 ΙΙ.
236 913 357 974 Eadem
368 911 448 990 juris
463 908 584 990 publici
608 909 777 989 disciplina
796 912 911 974 deinde
926 915 1034 976 medio
1047 934 1114 978 aevo

133 1009 340 1083 servabatur3
365 1010 450 1088 leges
478 1025 564 1081 vero,
591 1025 662 1088 quae
692 1007 838 1088 religioni
861 1007 1111 1089 adversarentur,

134 1106 278 1170 Ecclesia
296 1105 472 1187 rejiciebat.

176 1203 318 1267 Concilio
345 1203 483 1282 generali
506 1201 573 1263 Vlll
597 1201 729 1264 vetitum
752 1207 808 1279 est,
833 1221 873 1265 ne
897 1203 1058 1285 principes
1081 1205 1114 1267 in

127 1302 370 1382 Episcoporum
385 1300 598 1362 electionesse
609 1298 837 1375 immiscerent,
847 1319 951 1381 neque
963 1304 1114 1365 Ecclesia

134 1399 318 1462 libertatem
329 1398 506 1477 quidquam
515 1395 753 1462 imminuerent.
766 1399 999 1461 Concordatum
1013 1400 1116 1462 Galin-

136 1497 251 1570 tinum‚
269 1496 422 1557 acalixto
440 1496 468 1556 ΙΙ
482 1511 557 1554 cum
583 1493 776 1571 imperatore
792 1496 929 1558 Henrico
947 1497 1112 1574 Vinitum,

135 1594 335 1656 investituras
352 1595 500 1658 abolevit.
514 1595 613 1675 Igitur
627 1591 714 1653 omni
728 1594 820 1652 aetate
835 1593 1029 1655 Pontificum
1039 1611 1115 1655 auc·

136 1691 246 1753 toritas
262 1708 336 1751 cum
350 1691 549 1769 principibus
568 1687 783 1752 ecclesiastica
798 1690 925 1767 negotia
937 1690 1043 1768 gessit.

177 1790 229 1852 Ill.
252 1790 445 1851 Recentihus
469 1789 605 1863 cacalis,
630 1787 742 1847 sivein
763 1787 982 1866 approbando,
1001 1788 1063 1848 sive
1082 1787 1115 1847 in

136 1886 324 1966 rejiciendo,
337 1887 401 1948 sive
417 1887 449 1948 in
465 1886 684 1959 concedendo,
699 1884 889 1945 Pontificum
906 1902 979 1946 cum
998 1885 1117 1964 princi.

136 1982 231 2062 pibus
255 1983 404 2045 tractatio
427 1981 563 2061 plurima
584 1980 657 2042 fuit.
688 1978 834 2042 Nicolaus
858 1983 895 2057 V,
922 1982 1116 2044 concordate

138 2079 246 2141 habito
262 2097 336 2140 cum
356 2080 520 2142 Friderico
542 2081 583 2141 Ill
600 2078 732 2157 aliisque
748 2076 957 2158 principibus,
974 2095 1118 2141 commo-

137 2180 186 2237 tas
200 2175 377 2240 Germaniae
400 2175 550 2238 ecclesias
567 2175 638 2255 paci
660 2173 812 2238 restituit.
841 2175 1001 2254 Abrogata
1019 2174 1119 2254 Prap-

138 2273 248 2334 mutira
260 2273 418 2334 Scmtioue
434 2291 531 2353 quam
545 2274 675 2335 Carolus
690 2274 745 2334 Vll
756 2273 790 2332 in
809 2274 940 2334 Galliam
954 2273 1115 2344 intulerat,

138 2373 203 2431 Leo
216 2373 243 2432 X
257 2387 330 2432 cum
346 2371 515 2432 Francisco
534 2372 546 2431 l
571 2369 802 2432 concordatum
816 2369 917 2432 inivit.
942 2370 1046 2432 Simili
1068 2385 1117 2428 ra-

137 2469 237 2544 tione,
262 2469 455 2534 Benedictus
476 2470 546 2535 XIV
561 2467 705 2550 pluribus
731 2467 835 2551 reguis
856 2467 1019 2552 privilegia
1039 2484 1117 2532 con·

138 2566 243 2632 cessit.

387 2737 403 2801 ς
420 2736 445 2788 2.
461 2764 491 2777 -
506 2737 679 2791 concordata
698 2737 794 2792 saculi
812 2751 867 2790 xrx.

180 2893 558 2956 Novissimaconcordata
567 2895 717 2956 differunt
727 2912 745 2954 a
754 2893 912 2973 prioribus
924 2894 958 2954 in
967 2910 1016 2969 eo,
1029 2895 1115 2974 quod

21 3051 24 3054 .
139 3008 203 3052 nou
226 2995 351 3052 tautum
375 2993 529 3071 quasdam
556 3011 605 3054 res
630 2992 849 3071 disciplinarcs
870 2996 1033 3071 spectcut3
1059 2994 1114 3052 sed

139 3087 342 3168 potissimum
361 3107 398 3152 eo
413 3091 561 3168 tendunt,
575 3097 641 3152 uta
659 3093 816 3169 potestate
831 3089 916 3175 civili
930 3089 1034 3150 divina
1046 3090 1116 3168 jura

140 3186 291 3248 Ecclesiae
302 3190 523 3266 agnoscantur,
538 3189 587 3250 vel
601 3189 712 3266 saltem
725 3187 809 3248 salva
819 3187 860 3249 sit
871 3187 1001 3248 libertas
1009 3187 1117 3249 catho-

139 3282 286 3345 licorum.

178 3382 202 3443 I.
233 3381 282 3443 Ad
309 3381 447 3443 liberum
476 3381 649 3462 Religionis
675 3383 842 3444 catholicae
870 3382 1055 3445 exercitium
1082 3379 1115 3441 in

141 3479 237 3540 Gallia
259 3479 502 3554 restituendum,
527 3479 600 3542 Pius
620 3482 675 3545 Vll
691 3498 766 3544 cum
780 3479 885 3560 p'rimo
898 3482 1025 3544 consule
1038 3496 1115 3544 con·

171 3632 207 3696 (1)
221 3629 308 3682 coare
317 3632 462 3696 lastiniani,
473 3631 518 3684 lib.
533 3633 555 3696 1,
567 3633 607 3685 tit.
619 3647 637 3688 ι.
