2594 4286
468 261 540 307 mus
562 261 724 310 sesemen.
782 233 785 239 ’

372 573 374 580 Ι
468 496 720 554 auricuuusr

509 675 543 716 DE
562 675 680 716 SCHOLIS.

128 827 150 892 5
171 828 198 882 l.
214 825 253 882 De
266 825 372 883 scholis
386 827 417 883 in
431 841 549 898 genere.

129 916 150 980 ἓ
168 918 196 972 ·2.
212 915 252 972 ne
264 915 351 972 variis
363 915 530 973 scholarum
543 915 709 990 speciebus.

369 1120 422 1186 §t
436 1149 466 1159 -
483 1120 520 1174 De
534 1122 639 1176 sobolis
655 1122 686 1175 in
703 1081 822 1188 ponere..

139 1279 165 1340 I.
188 1277 313 1359 Religio
334 1277 504 1340 christiana
522 1297 638 1342 novam
662 1280 882 1360 cognitionum
904 1279 1081 1344 divinarum

88 1394 135 1440 ac
148 1374 245 1440 etiam
258 1378 469 1440 humanarum
483 1380 587 1441 lucem
602 1380 721 1441 mundo
732 1379 860 1440 invexit.
873 1379 964 1440 Unde
973 1379 1080 1441 statim

89 1493 135 1537 ac
158 1478 238 1540 tides
255 1459 409 1539 catb'olica
428 1478 532 1539 lirmas
548 1478 671 1540 radices
686 1478 719 1538 in
734 1477 811 1539 orbe
826 1483 943 1557 egerat,
961 1477 1079 1540 scholae
1187 1543 1189 1548 ,

89 1573 281 1636 christianes
296 1591 350 1636 seu
364 1573 543 1637 studiorum
559 1575 650 1636 sedes
665 1565 832 1637 llores'cere
844 1580 1019 1654 coeperunt.
1033 1575 1079 1637 si·

89 1672 231 1751 quidem
254 1673 404 1736 Ecclesiae
428 1691 554 1752 semper
579 1673 746 1752 proprium
773 1679 831 1749 est,
862 1673 901 1733 ad
922 1672 1079 1752 praedica·

90 1771 220 1832 tionem
240 1771 409 1850 adjungere
424 1772 578 1834 doctrinae
591 1770 770 1833 subsidium
784 1776 815 1833 et
828 1771 1006 1834 litterarum
1022 1788 1078 1833 co-

91 1868 288 1947 gnitionem.
317 1869 448 1932 Scbolas
475 1870 605 1948 erigere,
639 1869 748 1948 eisque
773 1869 813 1930 ad
839 1885 985 1930 normam
1013 1886 1077 1931 suae

91 1967 255 2028 doctrinae
269 1966 452 2046 compositis
467 1968 629 2048 invigilare
643 1984 808 2047 uunquam
824 1968 957 2030 destitit.

135 2067 257 2128 Verum
276 2065 444 2128 recentiori
464 2073 556 2128 aetate
578 2066 724 2128 nituntur
740 2065 919 2128 studiorum
940 2065 1077 2129 maxime

93 2164 301 2225 secularium
316 2163 524 2226 directionem
538 2162 688 2226 Ecclesiae
700 2163 852 2224 adimere.

138 2263 180 2322 ll.
192 2260 246 2322 lus
259 2260 401 2322 Ecclesioe
412 2279 483 2341 erpa
495 2259 607 2322 scholas
623 2261 654 2322 iu
671 2260 795 2322 duobus
808 2260 967 2324 consistit.

137 2362 170 2420 l.
182 2361 230 2421 Ad
243 2357 415 2422 Ecclesiam
429 2365 559 2439 spectat,
573 2360 738 2421 tredendae
751 2359 906 2420 doctrinae
918 2376 1017 2422 sacrae
1030 2378 1077 2422 ra·

94 2455 223 2518 tionem
242 2457 472 2532 determinare;
499 2456 627 2533 etenim,
652 2473 689 2518 ex
711 2457 873 2519 voluntate
894 2457 1075 2537 Salvatoris,

32 2597 38 2606 .
95 2555 187 2615 illius
205 2562 251 2617 est
272 2557 312 2616 de
339 2562 424 2616 recta
448 2555 510 2614 fide
531 2555 702 2616 decernere
724 2559 756 2616 ct
780 2555 925 2616 homines
948 2555 1074 2617 docere.

98 2653 184 2715 Hinc
204 2655 243 2714 ad
263 2655 364 2731 ipsam
384 2653 522 2732 pertinet
538 2652 760 2730 magistrorum
781 2649 955 2732 deputatio,
982 2652 1093 2736 libro-v
1129 2713 1132 2720 .

75 2753 80 2763 '
96 2768 172 2812 rum
188 2751 314 2826 electio,
338 2756 369 2812 et
388 2750 626 2829 disciplinarum
649 2750 808 2812 ordinatio
822 2751 855 2811 iu
870 2750 909 2811 iis
927 2767 998 2830 quae
1014 2756 1076 2811 tre-

99 2853 239 2915 deudam
254 2852 430 2915 doctrinam
447 2869 568 2914 sacram
582 2850 769 2930 respiciunt.
846 2923 847 2926 Ἴ
915 2850 917 2854 ’

137 2951 213 3013 Inde
225 2952 405 3013 inferuntur
416 2950 476 3012 tria
491 2949 675 3012 corollaria:
691 2948 800 3029 primo,
818 2949 958 3026 potestas
977 2943 1077 3008 civilis
1110 2999 1114 3007 .

97 3048 210 3128 nequit
224 3049 477 3129 independenter
495 3048 534 3109 ab
552 3047 694 3110 Ecclesia
713 3046 890 3108 Facultates
911 3060 1015 3105 sacras
1029 3044 1078 3104 in-

96 3148 228 3210 stituere
244 3148 291 3210 vel
304 3164 426 3228 regere.
901 3165 903 3170 ·

137 3245 496 3321 Secundo,.clericorum
519 3243 614 3304 etiam
631 3243 663 3303 in
679 3241 782 3322 parvis
796 3240 973 3303 seminariis
987 3240 1078 3306 insti-

92 3346 178 3408 tutio
193 3343 418 3407 eoclesiastieae
436 3341 585 3424 potestati
601 3339 767 3419 subjicitur
782 3339 835 3420 (l).

125 3531 162 3594 ll)
177 3529 318 3582 Concilium
333 3527 517 3586 Tridentinum,
530 3541 593 3578 sess.
619 3523 709 3584 xxllt,
729 3539 783 3586 cap.
801 3536 873 3573 svm.
886 3549 917 3560 -
927 3523 1016 3572 monis
1031 3522 1079 3571 xli

93 3615 172 3664 Breve
188 3611 225 3662 ad
236 3609 457 3673 Arcdiepiscopam
470 3608 666 3674 Lugdunensem,
680 3605 720 3656 die
733 3609 761 3657 15
776 3604 916 3657 novembris
928 3601 986 3652 anni
1001 3603 1070 3652 teas.

927 3703 954 3746 i.

29 4073 571 4260 ..ΑἍι
