2590 4262
455 274 529 319 raas
550 274 714 320 srncrmrs.
1018 270 1080 328 'ate

107 385 222 471 primo,
242 408 282 451 an
299 391 421 453 crimen
436 391 476 453 sit
490 393 668 470 patratum
691 395 844 472 secundo,
864 413 883 456 a
905 411 969 478 quo
984 403 1088 478 patra-

107 491 296 554 tumiuerit.
1025 491 1028 498 ’

145 592 315 651 Processus
344 587 561 667 inquisitorius
595 585 671 649 olim
702 593 768 650 erat
796 591 1083 668 extraordinarius;

107 691 217 765 postea
228 703 302 748 vero
312 683 453 761 invaluit,
467 690 498 746 et
508 685 633 747 transiit
642 685 674 745 in
685 685 864 748 remedium
878 690 1086 751 ordinarium.

108 784 203 846 Ratio
216 781 305 844 illurn
318 779 544 842 introducendi
554 781 638 860 justa
653 782 723 858 luit,
743 801 784 844 ne
800 783 923 847 scilicet
939 787 1090 849 delicien-

109 881 195 944 tibus
217 878 453 942 accusatoribus
468 878 602 945 crimina
621 885 788 942 manerent
805 882 974 960 impunita.
991 885 1089 964 Equi·
1189 915 1194 925 ·

111 981 185 1042 dem
210 978 277 1039 sine
298 981 481 1038 accusatore
499 992 595 1037 nemo
611 980 658 1038 est
681 979 958 1055 condemnandum
980 997 1089 1043 verum

109 1078 141 1139 in
151 1076 355 1157 inquisitione
368 1076 450 1136 lama
463 1077 591 1154 supplet
604 1075 708 1137 vicem
722 1079 928 1140 accusatorie.

147 1177 185 1238 ll.
203 1175 371 1254 Inquisitio
386 1175 503 1253 duplex
517 1178 575 1248 est,
591 1174 734 1254 qenerolis
752 1181 784 1236 et
797 1177 936 1257 speo'olis.
954 1180 1088 1241 Genera-

109 1273 146 1335 lis
166 1277 212 1334 est
225 1273 290 1347 illa,
309 1288 371 1350 qua
391 1271 637 1333 indeterminate
657 1273 812 1351 quaritur
831 1274 864 1334 in
879 1275 1010 1349 delicta3
1029 1277 1088 1350 vel,

111 1371 137 1432 si
150 1370 304 1432 delictum
328 1373 453 1431 certum
468 1369 520 1444 sit,
538 1369 571 1428 in
593 1386 764 1447 personam
788 1370 897 1433 delicti
913 1378 1088 1434 auctorem.

112 1467 267 1547 Specialis
281 1472 337 1542 est,
356 1484 417 1546 qua
432 1466 642 1528 determinate
657 1467 691 1528 in
705 1467 787 1529 bano
798 1486 968 1548 personam
983 1471 1091 1550 inqui-

112 1566 205 1640 ritur,
222 1582 263 1625 an
276 1563 364 1626 istius
380 1564 489 1626 delicti
499 1564 540 1625 sit
554 1569 676 1627 auctor.

155 1665 184 1724 l.
211 1664 271 1724 Per
296 1662 508 1743 inquisitionem
539 1661 703 1741 qenerolem
732 1665 884 1726 Praelatus
911 1666 1089 1746 investigat,

112 1763 208 1838 prout
225 1760 381 1839 contingit
407 1760 440 1820 in
461 1758 693 1820 visitationibus
708 1761 882 1838 canonicis,
904 1781 944 1824 an
959 1763 992 1823 in
1011 1763 1092 1824 dim-

112 1852 176 1915 cesi
190 1853 239 1914 vel
254 1852 288 1911 in
302 1849 502 1913 monasteriis
519 1851 653 1913 crimina
675 1854 821 1930 quedam
837 1856 1087 1930 committantur,

112 1967 150 2010 an
163 1950 333 2029 disciplina
345 1949 558 2012 ecclesiastica
573 1952 604 2010 et
615 1949 766 2027 regularis
779 1949 975 2015 observetur.

151 2049 201 2109 Ad
216 2048 306 2108 illam
320 2048 404 2109 sama
417 2046 526 2108 delicti
540 2063 604 2108 non
615 2047 870 2126 praerequiritur;
888 2049 1004 2110 etenim
1018 2067 1091 2112 cum

114 2146 154 2208 de
167 2144 295 2205 nemine
307 2144 339 2204 in
353 2144 536 2223 particulari
550 2149 720 2224 quaeratur,
736 2145 816 2205 nulli
830 2146 865 2206 fit
879 2145 1002 2225 injuria.
1023 2148 1092 2209 lmo

114 2240 308 2302 rationabilis
327 2240 464 2318 suspicio
480 2240 609 2316 sufficit,
621 2245 656 2302 ut
665 2241 764 2319 judex
783 2243 973 2320 generaliter
986 2243 1091 2324 inqui-

27 2340 30 2344 ’
115 2343 164 2401 rat
182 2338 433 2417 delinquentem.

153 2439 189 2500 ln
203 2436 411 2516 inquisitione
423 2434 573 2516 generali,
588 2435 831 2500 manifestantur
839 2443 962 2501 tantum
977 2441 1092 2504 delicta

114 2534 250 2610 notoria,
266 2535 316 2596 vel
329 2536 456 2596 occulta
477 2533 620 2612 quidem,
638 2536 693 2595 sed
706 2537 800 2597 noxia
812 2539 1048 2601 communitati.

152 2635 182 2694 2.
199 2633 250 2693 Ad
265 2631 474 2713 inquisitionem
487 2631 652 2712 specuum,
666 2651 728 2712 qua
737 2635 836 2713 judex
847 2636 880 2695 in
891 2641 1011 2698 certam
1021 2651 1092 2712 per·
1135 2661 1143 2682 .

114 2747 224 2792 sonam
239 2731 382 2810 inquirit,
410 2731 473 2791 duo
496 2730 690 2808 exiguntur:
716 2732 832 2809 primo,
861 2737 896 2794 ut
913 2734 1038 2792 constet
1051 2731 1090 2792 de

114 2844 247 2908 corpore
264 2829 386 2902 delicti3
403 2828 555 2904 secundo,
569 2832 605 2888 ut
622 2830 821 2906 praecesserit
833 2827 963 2888 inlamia
977 2827 1033 2887 rei.

153 2927 320 3007 Inquisitio
343 2911 489 3005 specialis
503 2926 540 2986 tit
565 2925 666 2986 tribus
688 2925 804 2999 modis,
821 2927 869 2986 vel
894 2923 1093 3005 meroosfirio

113 3025 241 3104 judicie,
258 3026 305 3086 vel
321 3025 360 3085 ad
378 3022 526 3106 querelam
541 3022 673 3100 aliquus
689 3022 809 3098 offensi,
825 3024 874 3084 vel
888 3024 927 3084 ad
941 3021 1093 3084 decoctio-

118 3121 222 3184 tionem
233 3121 376 3204 officialis
386 3120 519 3200 publici.

292 3358 344 3422 §2
359 3386 390 3395 -
404 3356 441 3409 lte
460 3353 594 3409 citatione
609 3358 639 3407 et
654 3355 780 3409 examine
793 3369 914 3410 reorum.

155 3543 180 3596 l.
200 3541 238 3596 lle
252 3539 389 3596 citatione
404 3543 433 3596 et
447 3542 570 3612 captura
584 3551 714 3599 reorum.

154 3630 182 3684 2.
195 3629 240 3722 'lle
254 3627 374 3685 illorum
387 3628 532 3686 examine.
