2604 4264
474 313 548 358 mas
567 313 731 362 senciente.

489 511 513 559 2.
525 512 561 560 De
575 511 632 573 iure
643 511 717 574 asyli.

151 667 209 727 Jus
235 663 314 744 asyli
341 663 487 726 consistit
514 665 548 725 in
575 666 744 729 securitate
770 683 866 746 qnam
892 669 982 729 locus
1006 683 1094 730 sacer

112 761 307 842 quibusdam
321 761 384 822 reis
408 761 485 824 illuc
512 763 769 842 confugientibus
787 769 928 844 praestat,
955 767 1034 827 adeo
1058 770 1095 828 ut

110 861 190 922 inde
204 859 357 920 violenter
373 858 495 921 extrahi
504 865 560 923 aut
571 861 610 920 ad
623 862 780 940 supplicia
794 863 942 942 capitalia
952 863 1019 944 rapi
1029 881 1094 925 non

111 957 249 1036 possint.
1109 1013 1112 1019 .

155 1055 179 1114 L
195 1052 280 1114 Illius
289 1053 372 1136 oripo
381 1055 555 1135 repetenda
569 1058 617 1116 est
631 1073 649 1116 a
661 1055 839 1118 reverentia
850 1074 923 1136 erga
932 1056 1092 1120 ecclesias.

113 1152 276 1215 Nimirum
286 1153 391 1214 sensui
402 1153 551 1232 religioso
559 1152 686 1214 videtur
701 1158 732 1215 et
745 1153 934 1232 injuriosum
948 1155 981 1215 in
994 1158 1095 1217 Deum

118 1254 155 1314 et
167 1250 377 1312 inhumanum
389 1251 424 1310 in
440 1250 598 1326 homines,
615 1266 687 1312 reos
700 1250 733 1310 in
748 1251 805 1312 Dei
820 1253 954 1313 tutelam
969 1270 1002 1314 se
1016 1252 1097 1324 reci-

118 1347 244 1426 pientes
257 1348 443 1410 violentere
460 1346 532 1409 loco
547 1364 636 1409 sacro
651 1346 825 1409 extrahere.
845 1350 934 1420 Quod
950 1368 1010 1411 usu
1023 1350 1098 1411 reli-

119 1443 1096 1524 giosoinductumerat,deincepsetiamlegihusdetinitumest.

162 1542 242 1605 Cum
263 1545 382 1624 asylum
397 1560 436 1604 ex
452 1542 521 1620 ipsa
541 1542 695 1621 religione
710 1545 873 1622 procedat,
898 1561 1097 1624 consequens

119 1645 183 1717 est,
200 1645 234 1702 ut
257 1641 296 1702 ab
310 1640 453 1702 Ecclesia
475 1644 613 1718 regatur.
630 1641 723 1702 Unde
737 1641 861 1720 legibus
876 1644 1097 1706 ecclesiasticis

117 1738 264 1818 ampliati
279 1739 327 1799 vel
343 1738 455 1800 arctati
469 1743 543 1800 sunt
556 1737 634 1818 asyli
648 1738 737 1813 lines,
753 1739 800 1800 uti
814 1757 922 1802 rerum
934 1742 1015 1804 ratio
1027 1761 1100 1822 pos·

118 1828 223 1898 tulare
233 1834 423 1916 videbatur(
444 1834 467 1914 ).

160 1937 199 1996 ΙΙ.
214 1934 310 1995 lucto
326 1931 491 1994 Decretales
501 1931 712 1994 deterioraretur
725 1932 823 2016 quood
833 1933 894 1994 loca
912 1944 940 1996 et
948 1954 1097 2016 personae.
1126 1941 1127 1944 ’

160 2036 189 2094 l.
209 2033 285 2094 June
307 2032 385 2112 asyli
399 2032 548 2092 fruuntur
561 2036 630 2092 tum
650 2030 712 2092 loca
725 2050 821 2108 sucre,
842 2033 940 2093 veluti
956 2033 1099 2096 ecclesiae

119 2129 218 2200 etiam
232 2147 298 2191 non
308 2133 503 2191 consecrate
513 2133 545 2190 et
555 2128 689 2190 aedificia
700 2129 991 2208 eisdemedjuncta‚
1006 2129 1100 2192 item·

120 2246 183 2307 que
198 2227 336 2289 oratoria
348 2225 499 2304 Episcopi
514 2224 703 2288 auctoritate
716 2226 900 2302 constituta,
917 2244 981 2289 non
992 2232 1099 2289 autem

120 2325 260 2389 oratoria
277 2325 416 2405 privata3
434 2328 504 2384 tum
517 2322 579 2383 loca
596 2322 743 2403 relipr'ose,
759 2341 875 2403 nempe
895 2325 1097 2402 monasteria,

117 2424 275 2504 palatium
300 2421 463 2502 Episcopi,
488 2421 602 2482 domus
628 2421 836 2499 parochiales
862 2423 1045 2486 coemeteria
1068 2426 1100 2485 et

117 2522 260 2601 hospitia
273 2519 312 2582 ab
327 2520 486 2599 Episcopo
499 2522 605 2581 erecta
618 2517 671 2598 (E).

158 2621 189 2681 Ξ).
206 2619 415 2694 criminosus,
433 2615 487 2696 qui
507 2618 547 2678 ad
568 2615 640 2678 loca
661 2611 817 2696 ejusmodi
832 2619 1028 2697 confugerat,
1045 2634 1099 2679 ro-

119 2722 215 2798 gente
226 2714 455 2796 Episcop0,vel
466 2713 586 2776 mitiori
598 2724 690 2792 poena
704 2715 828 2790 (saltem
839 2733 904 2777 non
916 2730 1103 2793 poenamor·
1165 2777 1169 2785 ,

118 2816 219 2878 tisvel
227 2812 451 2892 mutilationis)
459 2810 724 2888 alliciebatur,vel
733 2813 931 2892 cumjudicis
942 2811 1102 2873 saecularis

90 2956 93 2960 -
117 2930 280 2976 consensu
294 2908 489 2990 prenitentiis
504 2909 727 2972 ecclesiasticis
740 2908 980 2989 subjiciebatur.

158 3015 280 3076 Verum
309 3009 350 3072 oh
377 3025 485 3071 causas
509 3009 667 3088 publicas,
688 3009 869 3089 graviorum
889 3008 1102 3086 quorumdam

119 3109 296 3172 criminum
319 3107 366 3169 rei
379 3106 419 3169 ab
438 3107 516 3187 asyli
533 3106 690 3168 beneficio
709 3107 932 3181 excluduntur,
952 3105 1102 3170 videlicet

118 3208 260 3270 latrones
273 3203 417 3287 publici,
434 3206 617 3284 homicidae,
643 3205 690 3268 rei
716 3206 799 3268 laesae
817 3205 1001 3286 mejestatis,
1029 3224 1101 3268 cor-

117 3308 306 3386 rumpentes
319 3308 474 3378 monetas,
491 3302 693 3366 falsificentcs
708 3303 829 3388 litteras
843 3305 1034 3383 apostolicas
1046 3304 1100 3385 (3).

152 3495 185 3557 lt)
198 3490 298 3552 Demo,
313 3489 504 3540 Institutionum
516 3489 691 3541 cunuchorum
700 3488 744 3540 lib.
755 3489 788 3553 ll,
797 3489 837 3540 ut.
851 3503 896 3542 vu.

149 3574 187 3639 (ἲ)
198 3571 427 3633 Schmalzgrneber,
442 3569 475 3620 cle
485 3570 645 3621 lmmnnrtate
656 3568 825 3622 ecclesiaram.

150 3651 186 3716 (3)
196 3650 302 3711 Giraldi,
315 3649 449 3715 Expositio
457 3649 530 3714 juris
540 3649 675 3716 pontificii,
685 3649 729 3703 lib.
742 3649 790 3732 Ill,
808 3657 872 3703 rect.
888 3653 943 3701 tet.
