2594 4286
210 236 243 282 58
374 235 532 282 Expostulo
554 234 730 282 METEODICA
751 235 833 284 tutus
856 235 1012 283 cndotttct.

208 349 319 430 primit
338 370 346 412 ε
367 351 484 428 «Fide,
500 369 571 431 quae
593 352 745 414 charitate
773 351 1000 427 inflammatur,
1027 352 1061 413 ln
1089 351 1194 414 altari

209 447 325 509 mentis
347 467 411 510 suan
436 449 614 528 spirituales
636 452 702 511 Deo
719 449 837 510 hostias
862 448 1049 524 immolant3
1065 467 1132 530 quo
1155 449 1193 510 in
1281 455 1282 532 j

207 561 323 624 genere
339 562 448 606 omnes
463 545 556 608 honae
566 546 717 619 actiones,
735 564 811 625 quas
823 546 862 606 ad
880 547 936 608 Dei
950 537 1084 626 gloriam
1100 547 1193 608 refe·

207 643 291 710 runt,
305 640 512 700 numerandae
529 645 611 702 sunt.
639 663 652 699 u
681 639 763 712 Quin
786 639 871 701 etin
896 640 1056 712 offerendo
1075 639 1191 702 missae
1281 671 1282 678 ³

208 735 361 798 sacrificio
376 745 598 816 cooperantur,
610 756 675 799 non
688 737 832 799 obstante
853 739 938 817 quod
952 737 1035 801 actio
1050 743 1191 801 externa

208 839 239 895 ct
251 835 449 897 consecratio
465 837 560 898 asolo
573 836 737 898 sacerdote
752 841 941 914 peragantur
956 837 1007 917 ll).

247 934 473 1010 Verumtamen
484 933 557 994 laici
569 951 633 997 non
648 940 782 1013 possunt
804 934 990 1009 sacrificare,
1001 952 1061 996 nec
1075 933 1187 996 absol·
1281 955 1282 1002 1

206 1047 288 1092 vere.
305 1029 369 1092 Sub
382 1031 487 1110 specie
500 1030 590 1109 panis
608 1029 731 1092 tantum
743 1031 1000 1108 communicant3
1014 1031 1094 1093 item
1118 1049 1186 1092 non
1281 1023 1282 1106 l

207 1145 280 1202 ase,
298 1129 351 1189 sed
373 1145 391 1188 a
412 1129 641 1204 sacerdotibus,
665 1128 851 1208 regulariter
876 1129 1110 1192 Eucharistiam
1130 1147 1186 1190 su·
1281 1131 1282 1210 ᾗ

208 1229 308 1284 munt.
320 1223 405 1285 Laici
420 1242 485 1285 non
501 1231 649 1286 exercent
664 1224 875 1286 ministerium
890 1225 1060 1302 minorum,
1075 1243 1185 1328 neque

206 1321 555 1384 inserviuntministris
577 1323 610 1384 in
630 1324 721 1385 altari
740 1323 800 1384 nisi
821 1341 858 1386 ex
879 1325 1014 1403 quadarn
1028 1325 1185 1388 Ecclesiae

206 1418 383 1480 tolerantia.
393 1421 475 1481 Dum
489 1420 593 1482 divina
606 1421 816 1497 celebrantur,
830 1439 894 1483 non
910 1421 1027 1484 debent
1040 1422 1183 1484 inchoro

207 1522 300 1591 stare,
315 1516 369 1576 sed
389 1534 502 1579 eorum
514 1518 667 1580 locasunt
678 1519 826 1581 distincta
843 1524 872 1580 et
890 1537 908 1579 a
925 1520 1010 1581 clero
1023 1526 1180 1600 separata.

142 1657 145 1662 -
206 1617 291 1677 Laici
305 1636 370 1680 non
377 1620 509 1694 possunt
522 1613 669 1700 reliquias
679 1623 733 1678 aut
742 1634 812 1679 vasa
821 1633 909 1678 sacra
920 1621 1060 1696 tangere,
1076 1635 1183 1698 neque

208 1713 263 1775 illa
277 1715 415 1777 abluere.

246 1813 297 1873 Ill.
321 1813 356 1873 ln
380 1810 487 1873 multis
505 1810 611 1885 etiam,
637 1829 708 1890 quae
736 1813 775 1872 ad
795 1809 977 1894 dr'scrplt'ocm
1004 1812 1179 1892 pertinent,

207 1908 281 1970 laici
299 1909 461 1989 cooperari
484 1909 719 1988 permittuntur.
737 1909 811 1988 Ejus
827 1910 873 1972 rei
897 1915 1119 1990 argumentum
1133 1917 1182 1972 est

208 2023 318 2068 eorum
333 2007 532 2086 participatio
547 2006 580 2067 in
590 2006 863 2070 administratione
878 2007 993 2086 peculii
1011 2008 1180 2070 ecclesias-

207 2104 262 2167 tici
281 2110 312 2166 et
327 2105 360 2165 in
370 2103 549 2184 provisione
561 2103 799 2166 beneficiorum.
817 2104 1012 2184 Principium
1025 2105 1058 2164 in
1071 2105 1131 2168 hac
1144 2123 1179 2166 re
1207 2187 1209 2192 ,

207 2200 294 2262 idem
306 2219 431 2280 semper
443 2201 512 2273 luit,
526 2202 582 2262 scd
599 2202 715 2262 modus
736 2202 854 2276 varius3
872 2202 936 2263 sive
950 2201 1058 2281 populi
1076 2203 1177 2263 acola-

208 2299 317 2372 mati0‚
332 2298 395 2360 sive
418 2298 620 2377 praesentatio
636 2299 772 2376 patroni,
785 2299 849 2360 sive
863 2299 1096 2361 communicata
1106 2317 1178 2361 cum

207 2393 411 2474 regnantibus
425 2395 556 2457 consilia
568 2396 601 2455 in
621 2415 680 2457 usu
701 2396 828 2472 luerint,
846 2398 958 2460 eadem
970 2415 1096 2475 semper
1109 2397 1180 2459 idea

207 2493 324 2555 subest.
343 2495 410 2555 lmo
430 2493 626 2572 principibus
647 2494 826 2556 christianis
841 2495 889 2556 vel
904 2495 1074 2590 ampliores
1097 2497 1180 2556 lavo·
1214 2501 1216 2507 ‘
1281 2565 1282 2568 Ἴ

207 2609 256 2652 res
271 2591 500 2653 conceduntur.

247 2690 333 2752 Laioi
349 2707 423 2752 vero
445 2690 560 2769 eligere
574 2694 736 2770 nequeunt
752 2691 791 2751 ad
807 2691 974 2771 dignitates
988 2691 1175 2754 ecclesiasti-

207 2805 269 2865 cas,
287 2806 390 2869 neque
408 2788 447 2848 ad
473 2789 600 2849 easdem
627 2788 710 2867 eligi,
734 2788 809 2868 quia
831 2790 1085 2869 sunt'iucapaces
1110 2796 1176 2851 tum

207 2887 365 2961 beneficii,
377 2892 445 2948 tum
454 2885 532 2964 jnris
548 2885 719 2966 spiritualis
733 2887 913 2961 exercendi,
927 2886 989 2947 nisi
1000 2887 1174 2966 exspectati

206 2987 340 3058 Romani
353 2984 512 3047 Pontificis
530 2983 754 3046 commissione
772 2983 952 3063 jurisdictio
968 2985 1030 3044 illis
1053 2985 1175 3064 delege-

208 3089 269 3145 tur.
288 3084 377 3144 Unde
394 3083 438 3144 ait
449 3066 653 3143 Innocentius
675 3081 716 3142 lll
733 3100 739 3141 :
762 3103 776 3138 11
788 3081 883 3142 Laicis
894 3101 982 3162 saper
996 3081 1134 3144 Ecclesils
1146 3091 1176 3144 et

204 3179 335 3260 personis
350 3178 542 3242 ecclesiasticis
553 3177 636 3238 calla
647 3178 687 3237 sit
700 3175 842 3238 attributo
852 3178 981 3256 facultas
985 3197 1000 3256 ,·
1011 3199 1081 3260 quos
1099 3179 1173 3241 obse-

197 3275 589 3365 commanducantes,
605 3294 663 3334 noo
674 3274 833 3335 auctoritas
844 3274 1017 3356 imperandi.
1033 3299 1047 3334 a

196 3455 198 3463 2
237 3411 271 3472 (1)
286 3406 421 3457 Concilium
434 3407 614 3468 Tridentiuum,
625 3421 684 3458 sesa.
698 3405 776 3469 xllll,
792 3406 823 3457 de
835 3407 964 3472 Sacrificio
976 3409 1135 3472 missascrp.
1148 3425 1169 3463 ι.

195 3551 197 3558 y
241 3491 273 3551 tt)
284 3485 450 3538 decretalium
466 3484 512 3538 lib.
527 3488 548 3548 1,
559 3488 598 3538 tit.
612 3499 640 3549 11,
651 3501 706 3549 cap.
721 3501 745 3536 x.
