2604 4264
492 279 566 326 Ptts
588 281 753 327 sanemus

316 475 361 524 lll.
376 503 403 512 —
418 477 558 527 Auctoritas
577 479 690 542 Episcopi
705 479 772 530 circo
786 478 934 530 oblationes.

166 634 191 695 l.
214 630 398 692 Oblationes
420 632 595 710 generatim
613 651 679 693 non
699 632 855 695 debentur
876 651 913 695 ex
932 639 1105 716 praecepto.

124 732 267 804 Quatuor
279 731 384 790 modis
400 728 509 791 deberi
528 737 672 809 possunt,
685 731 834 794 videlicet
850 736 881 794 1ο
895 733 1107 820 Promissione

127 829 310 904 acceptata3
325 830 357 891 Ψ
367 827 543 888 Donatione
558 828 641 890 inter
653 829 739 891 vivos
750 830 797 890 vel
807 831 1106 906 ultimavoluntate;

128 927 163 986 3⁰
189 924 364 1003 ludigentia
382 924 532 986 Ecclesia
553 926 603 986 vel
629 925 848 988 ministrorum
869 928 1023 1008 ejusdem,
1044 945 1109 988 non

127 1019 315 1084 habentium
341 1021 469 1084 aliunde
491 1023 778 1098 sustentationem
804 1027 835 1085 l⁰
862 1024 1107 1088 consuetudine.

168 1117 207 1179 Il.
231 1118 408 1198 Episcopus
420 1117 555 1196 judicat,
572 1136 720 1198 qnaenam
742 1119 918 1181 oblationes
932 1137 970 1181 ex
984 1118 1110 1199 justitia

130 1213 214 1292 exigi
232 1214 365 1293 possint.
391 1214 499 1276 Sicubi
523 1216 632 1276 fideles
648 1233 685 1277 ex
699 1215 929 1278 consuetudine
944 1232 1008 1277 non
1020 1219 1111 1276 tene·

131 1315 241 1372 rentur
260 1312 340 1372 ullas
364 1312 541 1374 oblationes
561 1314 674 1388 facere,
692 1317 723 1376 et
737 1312 864 1374 aliunde
880 1331 944 1374 non
963 1314 1112 1374 deficeret
1200 1347 1203 1352 -

131 1409 324 1472 conveniens
338 1409 413 1470 cleri
426 1410 624 1484 sustentatio,
641 1429 705 1472 non
719 1416 827 1488 posset
837 1411 1014 1491 Episcopus
1028 1410 1112 1488 ejus-

130 1505 225 1567 modi
237 1505 408 1567 oblationes
422 1524 459 1568 ex
470 1507 591 1586 justitia
604 1507 739 1588 exigere.

178 1601 255 1662 Cum
273 1617 344 1662 vero
359 1601 543 1680 contingere
555 1601 667 1680 possit,
688 1606 723 1663 ut
744 1601 920 1663 oblationes
942 1599 1114 1678 exjustitia

133 1695 332 1775 obligatoriae
349 1697 514 1768 evaserint,
529 1702 596 1759 tum
612 1715 650 1759 ex
667 1697 761 1759 titulo
780 1698 1030 1768 consuetudinis,
1044 1701 1114 1758 tum

131 1812 173 1856 ex
193 1811 232 1856 eo
250 1796 335 1873 quod
349 1794 489 1874 alioquin
502 1796 629 1857 deesset
640 1795 799 1858 sufficiens
812 1795 943 1874 parochi
961 1799 1132 1864 sustenta,

131 1892 194 1966 tio;
212 1892 337 1973 quoties
351 1892 485 1953 dubium
498 1893 598 1955 oritur
611 1893 674 1953 sive
688 1893 728 1954 de
743 1892 936 1972 obligatione
949 1897 1117 1954 consuetu·
1153 1970 1154 1973 Ἴ

134 1989 230 2065 diniS,
249 1988 314 2051 sive
330 1992 369 2051 de
383 1991 569 2052 necessitate
591 1989 799 2051 subveniendi
811 1990 896 2051 clero
911 2006 968 2067 per
980 1989 1117 2051 oblatio-

132 2104 204 2162 nes,
220 2087 284 2148 sive
305 2089 344 2148 de
368 2088 541 2166 quantitate
561 2087 733 2164 offerenda,
754 2085 817 2149 siva
837 2088 876 2148 de
893 2086 1043 2148 abusibus
1064 2104 1116 2150 re·

136 2185 328 2264 primendis,
345 2188 385 2245 ad
397 2186 590 2264 Episcopum
613 2185 753 2264 pertinet
766 2203 911 2246 normam
931 2187 1115 2260 decernere,

135 2301 212 2344 nam
225 2283 294 2346 haec
312 2301 427 2345 norma
449 2284 572 2345 confert
598 2284 636 2344 ad
659 2283 780 2345 bonum
803 2283 947 2347 dioecesis
962 2284 1115 2364 regimen.

496 2495 717 2552 ARTICULUS
735 2497 764 2551 11

407 2665 445 2704 DE
460 2665 620 2704 saturius
643 2665 679 2704 ΕΤ
703 2665 850 2706 nltctms·

179 2819 205 2878 l.
228 2789 376 2877 Primitiae
394 2820 468 2877 sunt
486 2814 582 2893 primi
600 2817 720 2878 fructus
736 2833 883 2896 agrorum
900 2821 932 2880 et
947 2817 1120 2892 pecudum,
1137 2881 1140 2890 ,

139 2933 212 2996 quae
227 2914 261 2975 in
273 2914 368 2976 veteri
382 2915 451 2989 lege
465 2931 504 2976 cx
514 2913 619 2976 divino
631 2919 794 2993 praecepto
809 2911 1017 2974 debebantur.
1028 2915 1120 2993 Apud

140 3013 264 3092 priscos
279 3011 473 3074 Christianos
487 3029 562 3071 usus
581 3011 796 3090 primitiarum
813 3013 959 3086 receptus
975 3015 1032 3085 est,
1050 3010 1123 3075 diu·

141 3127 203 3190 que
230 3111 432 3190 perduravit;
460 3108 576 3170 deinde
600 3125 674 3170 vero
700 3106 867 3168 contrariis
889 3107 1031 3170 moribus
1050 3125 1126 3171 ero--

141 3207 230 3270 levit.
968 3217 974 3227 “

182 3308 298 3373 Tribus
318 3305 643 3370 animadversionibus
667 3305 914 3385 complectimur
935 3323 981 3384 ea,
999 3309 1124 3387 quade

142 3408 293 3487 primitiis
317 3408 453 3470 dicenda
470 3410 565 3467 sunt:
661 3439 667 3450 ·

184 3509 215 3568 l.
238 3505 334 3567 Initio
354 3505 515 3579 Ecclesia,
539 3504 626 3565 nulla
649 3503 781 3584 quidem
809 3503 929 3566 exstitit
953 3509 1039 3567 certa
1060 3504 1122 3575 lex,

145 3623 208 3684 qua
235 3602 392 3684 primitias
407 3603 547 3683 pendere
562 3607 733 3682 oporteret.
750 3603 890 3666 Ganones
900 3603 1125 3682 Apostolorum
1177 3669 1178 3672 Ἴ
