2604 4264
237 321 290 366 lae
402 321 561 368 exeosmlo
582 319 760 366 burbonici
779 319 862 366 iulus
885 321 1048 367 cauouloi.

275 441 327 502 IV.
352 438 535 517 Requiritur
550 439 618 500 oitoe
632 436 799 517 integritas,
816 437 856 498 ad
877 455 976 516 quam
999 437 1149 514 refertur
1164 437 1216 499 im·

238 535 373 596 munitas
386 554 405 596 a
419 537 560 598 censuris
573 541 604 597 et
617 534 858 614 irregularitate.

279 635 316 695 V.
332 635 410 694 Eam
426 635 574 694 scientiam
588 632 743 695 beneficia
755 634 926 712 postulant,
942 649 1021 711 quae
1037 631 1153 693 officiis
1164 633 1214 696 rite

236 729 394 792 obeundis
406 733 551 794 'sufficiat

280 829 331 890 v1.
351 830 554 908 Interplures
574 827 701 891 dotibus
721 827 881 906 requisitis
899 827 1082 888 instructos
1101 827 1212 906 dignior

226 927 455 1002 ‚praeferendus
480 933 527 990 est
548 928 599 1006 (ll.
622 929 698 989 Haeo
712 924 863 1004 obligatio
884 925 1021 1003 respicit
1044 925 1210 1001 praesertim

238 1022 469 1101 episcopatum,
491 1029 522 1086 et
533 1023 767 1101 beneficiaque
779 1021 1045 1102 jurisdictionem
1062 1027 1210 1084 externam

239 1121 287 1180 rel
299 1136 408 1181 euram
416 1121 593 1182 animarum
602 1137 756 1180 annexam
765 1120 892 1182 habent.
905 1120 1037 1196 illicita,
1052 1120 1110 1180 sed
1123 1120 1210 1180 valida

239 1223 286 1278 est
300 1219 427 1281 oollatio
445 1219 604 1281 inferioris
623 1218 769 1280 beneficii
783 1218 879 1297 digno
892 1219 987 1294 faeta,
1007 1218 1208 1296 praetermisso

237 1314 393 1393 digniore.

460 1487 574 1546 qusrro
587 1491 619 1538 ³1.
637 1512 668 1524 -
677 1487 805 1536 Duronum
815 1497 983 1538 oonmrrours.

278 1642 303 1700 l.
329 1641 371 1702 Ut
390 1639 545 1704 beneficia
569 1643 629 1704 rite
654 1643 867 1719 conferantur,
884 1642 1001 1720 plures*
1015 1641 1205 1703 observantur

240 1737 374 1816 regulae:

280 1837 310 1896 l.
326 1835 520 1896 Beneficium
533 1837 764 1898 conserendum
772 1837 867 1899 debet
875 1853 941 1898 esse
951 1853 1080 1913 vorans·
1090 1832 1202 1905 etenim,

240 1937 355 2010 praeter
378 1933 577 2012 coadjutores
599 1935 840 2013 Episcoporum‚
863 1935 1046 2003 Concilium
1060 1929 1203 1996 Tridenti·

238 2047 318 2090 num
331 2032 540 2112 exspertotz'oos
553 2031 774 2113 prohibuitffl).

277 2130 308 2187 2.
326 2129 457 2189 Collatio
469 2129 505 2190 lit
520 2130 652 2209 gratuito
664 2129 732 2192 sine
748 2129 892 2190 simonia.

278 2225 308 2284 3.
323 2224 481 2286 Beneficia
495 2228 631 2288 oonlerri
648 2228 766 2289 debent
780 2227 881 2303 libere,
900 2227 981 2290 eitra
999 2227 1067 2289 vim
1084 2230 1113 2286 et
1127 2237 1201 2285 ooao-

236 2319 368 2392 tionem,
386 2323 483 2383 veluti
497 2323 635 2385 liberalis
652 2325 797 2402 quaedam
815 2325 955 2385 donatio

161 2431 169 2444 ‘
276 2419 308 2478 4.
328 2419 538 2480 Conseruntur
551 2420 690 2498 obsolute,
706 2441 769 2484 non
786 2423 1004 2486 conditionate
1018 2423 1067 2484 vel
1081 2418 1201 2498 disjunc-

238 2513 310 2576 tive.

277 2615 307 2673 5.
320 2611 644 2694 ,conferunturpalam
654 2633 762 2678 eoram
772 2617 855 2680 aliis.
868 2621 943 2680 Haee
955 2615 1101 2679 conditio
1113 2607 1202 2690 requi·

238 2707 319 2770 ritur'
333 2713 457 2770 tantum
470 2711 508 2771 ad
522 2710 756 2790 probationem,
771 2719 806 2776 ut
820 2715 928 2776 litibus
944 2717 1139 2777 occurratur.

278 2809 307 2866 6.
329 2807 467 2888 Tempore
485 2807 614 2890 definito,
630 2810 703 2888 quia
715 2811 837 2890 legibus
854 2819 990 2888 cavetur,
1005 2801 1201 2872 nebenelioia

237 2902 404 2980 diutius,v.
413 2925 443 2984 g.
455 2907 1022 2989 ultrasemestrevaouapermaneant.
1041 2909 1074 2971 Si
1085 2905 1200 2969 collator
1270 2903 1271 2908 ’

236 3000 416 3063 ordinarius
435 3004 601 3082 providere
616 3005 798 3084 neglexerit,
812 3007 864 3084 jus
883 3008 922 3067 ad
942 3007 1139 3087 superiorem
1153 2998 1200 3058 de·
1270 3061 1271 3064 ,

237 3099 379 3162 volvitur.
852 3164 854 3170 ,
1270 3118 1271 3133 ’

247 3181 253 3190 ’
275 3194 313 3253 ll.
330 3197 490 3259 Hodierna
511 3199 616 3279 praxis
638 3201 798 3290 neminem
819 3203 859 3262 ad
873 3202 1022 3264 beneficii
1040 3192 1200 3281 possessio·

237 3305 312 3350 nem
323 3292 473 3371 admittit,
488 3299 550 3358 nisi
564 3298 679 3360 litteras
692 3300 867 3360 collationis
881 3300 1036 3363 exhibeat.
1051 3303 1136 3360 Hane
1146 3290 1198 3352 dis·
1270 3283 1271 3297 ¹

236 3383 388 3462 oiplinam
400 3388 524 3452 induxit
536 3394 706 3456 necessitas
717 3397 877 3458 avertendi
890 3397 1015 3474 fraudes
1026 3397 1074 3459 vel
1088 3394 1163 3455 lites.

271 3557 649 3626 ll)ConeiliumT1-identinum,
663 3579 725 3616 sess.
737 3567 826 3629 xxiv,
841 3583 895 3630 cap.
911 3581 919 3617 1
934 3575 959 3619 et
970 3584 1039 3620 xvui.

269 3639 306 3705 (2)
318 3640 383 3692 sess.
398 3641 550 3705 xx1v‚cap.
566 3657 619 3707 xix,
629 3646 661 3696 cle
674 3647 783 3711 Reform.
799 3651 907 3712 esras.
920 3645 996 3713 XXV,
1012 3663 1066 3712 cap.
1081 3661 1118 3698 ιι.
