2594 4286
213 271 245 320 lu
370 274 525 321 uxroslrlo
546 275 725 320 unruoolcn
746 275 829 320 suuis
851 276 1006 322 cruuntur.
1109 245 1117 325 Ἰ,
1184 282 1187 288 ’

247 391 309 452 Per
336 393 567 473 congregatione
593 381 766 472 religiosos)
793 394 1014 472 intelliguntur
1040 394 1187 458 instituta

207 505 279 568 quse
294 489 463 552 essentiam
477 495 574 552 status
590 490 729 570 religiosi
751 489 869 553 habent
888 507 961 553 curn
973 492 1053 554 votis
1065 492 1187 572 simpli·
1293 561 1294 564 ,

208 586 308 650 cibus.

247 686 308 747 Per
329 686 560 766 congregationes
586 684 746 766 improprie
772 687 933 766 religiosus,
963 687 1187 768 intelliguntur

207 788 323 845 statuta
338 801 408 862 quae
422 801 487 844 non
510 781 628 843 habent
647 784 816 848 essentiam
833 789 930 848 status
954 785 1104 862 religiosi,
1129 787 1184 846 sed

205 880 341 940 sormam
352 879 620 952 illiusimitantur,
634 884 665 940 el
681 879 801 959 aliquid
813 897 849 941 ex
859 881 929 960 ipso
937 881 1090 955 retinent3
1108 901 1135 943 v.
1152 899 1181 960 g.

206 977 254 1037 vel
269 966 372 1038 solum
388 975 539 1038 eastitatis
553 980 675 1050 votum,
692 976 744 1038 vel
757 977 817 1038 trie
830 983 901 1040 vota
915 979 1118 1060 temporaria,
1135 981 1183 1041 vel

208 1074 345 1136 similem
360 1076 492 1137 modurn
504 1073 627 1136 vivendi
638 1073 706 1135 sine
719 1075 812 1135 votis.

603 1311 732 1373 CAPUT
753 1311 781 1372 ΙΙ

481 1467 631 1517 uictoria
645 1469 719 1517 vitoe
736 1469 911 1532 regularis.

239 1625 306 1678 Aer.
333 1624 355 1678 l.
372 1621 457 1702 Origo
472 1624 500 1676 et
515 1619 659 1678 institutio
672 1625 761 1678 status
777 1621 904 1692 religiosi
917 1621 949 1678 in
964 1637 1085 1694 genere.

239 1715 306 1768 Aur.
321 1711 353 1768 ΙΙ.
368 1711 451 1766 Ratio
464 1715 494 1768 et
507 1709 628 1766 historie
643 1711 791 1767 veriorum
802 1711 950 1768 ordinum.

566 1915 785 1972 ARTICULUS
802 1915 817 1969 1

322 2081 401 2122 ORIGO
419 2082 451 2120 ET
464 2047 611 2122 susurrium
629 2083 724 2122 smus
743 2080 873 2121 numerosi
893 2082 921 2122 lu
940 2083 1053 2124 GENERE·

237 2233 252 2296 ἓ
270 2233 294 2286 Ι.
309 2229 393 2299 Origo
407 2233 497 2286 status
512 2229 641 2302 religiosi
652 2231 764 2286 ratione
779 2229 917 2286 auctoris.

237 2323 292 2386 §2
308 2319 449 2375 institutio
465 2321 554 2376 status
572 2319 699 2390 religiosi
718 2320 829 2376 ratione
844 2319 992 2390 temporis.

309 2509 325 2572 ς
338 2506 365 2560 Ι.
377 2535 408 2547 -
420 2508 501 2574 Origo
518 2512 609 2562 status
624 2509 750 2575 religiosi
763 2499 1013 2562 ratione'auotoris
1027 2513 1069 2574 (1).

241 2665 398 2738 Quaeritur
417 2670 524 2726 utrum
544 2670 642 2726 status
664 2667 828 2746 religiosus
850 2683 945 2746 quern
964 2667 1107 2729 haeretiei
1122 2669 1178 2730 de-

199 2768 365 2838 testantur,
381 2763 422 2824 sit
435 2763 531 2824 divini
543 2763 632 2844 jurio,
649 2782 688 2824 an
698 2764 778 2846 juris
792 2765 932 2826 humani.

239 2862 333 2942 Prop.
350 2894 390 2906 -
403 2859 505 2922 Status
515 2861 669 2942 religiosus
683 2863 744 2944 suit
757 2883 775 2923 u
789 2861 907 2925 Christo
919 2863 1071 2924 institutus
1081 2865 1180 2944 quood

197 2958 402 3034 substantiam,
419 2977 475 3046 nou
491 2958 589 3040 quoad
602 2959 789 3030 occidentales
801 2960 927 3041 forneus.

238 3057 431 3135 Explicatur.
443 3089 483 3104 ·-
492 3059 616 3144 Formae
626 3059 839 3120 accidentales
851 3063 948 3120 status
961 3059 1100 3140 religiosi
1110 3076 1175 3120 non

197 3154 316 3217 debent
329 3170 402 3214 eum
420 3153 489 3232 ipso
511 3161 594 3216 stetu
615 3157 780 3220 conlundi.
797 3158 901 3218 Status
923 3157 1089 3236 religiosus
1109 3175 1176 3218 non

196 3251 282 3312 idem
298 3255 345 3312 est
356 3267 393 3311 ao
409 3251 536 3311 ordines
551 3253 703 3336 religiosi.
721 3254 821 3315 Verus
840 3252 1003 3316 institutor
1013 3253 1097 3315 illius
1111 3271 1175 3314 non

196 3353 244 3412 est
258 3347 312 3409 ille
326 3346 380 3426 qui
404 3345 541 3410 formem
561 3351 792 3414 accidentalem
814 3349 950 3428 induxit,
977 3350 1033 3414 sed
1046 3350 1100 3412 ille
1118 3349 1173 3430 qui

227 3533 259 3594 (Ι)
272 3531 371 3592 Suarez,
385 3531 418 3580 de
430 3531 563 3598 Reliquum.
577 3536 620 3586 lib.
634 3535 680 3586 ΙΙΙ.
697 3563 729 3572 -
745 3535 973 3596 Schmslzgsueber,
983 3534 1028 3583 lus
1042 3533 1173 3585 melesius·
1241 3541 1245 3563 t

198 3615 286 3676 licum,
295 3612 338 3662 lib.
354 3610 397 3672 ΙΙΙ,
409 3613 448 3660 ue.
461 3619 502 3665 sl.
