2590 4262
470 283 545 326 PARS
567 283 730 330 sanemus.
1034 287 1087 332 245

102 403 234 482 culpam
254 402 367 475 levem,
392 417 452 462 nec
478 399 651 478 prudenter
672 405 803 479 propter
829 401 991 476 lethalem,
1017 422 1086 481 quae

105 499 304 579 gravioribus
316 516 381 559 non
393 503 609 572 accenseatur,
625 498 759 578 irrogari
772 499 825 579 (l).
1150 499 1153 507 “

70 606 75 610 ’
148 596 431 677 Diciturpeceatum
444 607 609 672 caeternum,
626 602 694 657 tum
710 597 783 674 quia
792 614 926 659 censura
935 603 982 660 est
994 617 1087 678 poena

106 696 170 756 fori
184 694 317 769 externi,
334 699 402 755 tum
420 693 494 771 quia
508 699 650 771 potestas
666 695 818 756 Ecclesia
833 713 898 756 uon
909 695 1033 774 judicat
1048 697 1087 756 de

105 793 251 855 internis

148 891 268 950 Dicitur
280 887 419 949 delictum
433 889 607 969 completum
620 890 652 949 a'a
664 908 717 949 suo
733 909 844 969 genere,
867 889 985 951 etenim
1002 891 1087 969 leges

107 988 247 1066 poenales
260 993 334 1049 sunt
343 987 461 1049 strictae
473 987 745 1066 interpretationis
756 988 845 1066 juxta
858 989 1087 1066 proprietatem

106 1083 287 1146 verborum.
306 1085 405 1163 Igitur
420 1101 553 1146 censura
567 1102 632 1145 non
655 1086 782 1164 attingit
802 1103 855 1146 eos
874 1087 927 1163 qui
945 1089 1087 1148 tentave-

106 1187 182 1245 runt
197 1183 321 1245 crimen
332 1187 527 1262 perpetrare,
543 1199 641 1261 opere
654 1199 720 1244 non
737 1187 968 1258 consummate,
985 1199 1088 1262 neque

115 1281 188 1342 illos
200 1281 255 1360 qui
269 1279 403 1342 consilio
419 1279 581 1341 moraliter
595 1279 769 1358 participes
782 1279 911 1353 luerint,
929 1279 955 1339 si
966 1281 1088 1341 lexsta-

105 1379 204 1440 tuerit
216 1379 320 1440 solum
331 1378 370 1438 de
382 1377 524 1438 criminis
537 1382 677 1439 auctore.

144 1481 177 1538 2.
191 1477 298 1554 Gulpae
315 1476 467 1538 accedere
481 1474 578 1536 debet
592 1473 776 1534 coutumacia
787 1479 899 1534 contra
913 1475 1088 1536 Ecclesiam

106 1573 230 1652 aliquid
244 1573 469 1652 prohibentem
489 1571 548 1633 sub
563 1561 708 1634 censura.
729 1574 939 1638 contumaces
951 1589 1026 1634 vero
1039 1589 1090 1634 re-

104 1675 272 1749 putantur,
290 1689 355 1732 non
369 1672 475 1731 solum
497 1671 552 1749 qui
567 1670 745 1732 formaliter
757 1675 968 1732 contemnunt
979 1676 1089 1750 potes-

106 1773 207 1829 tatem
227 1768 390 1843 Ecclesiae,
416 1771 473 1829 sed
493 1768 590 1829 etiam
612 1769 677 1846 qui,
695 1783 768 1828 cum
786 1767 980 1828 sufficienter
990 1785 1088 1830 nove-

107 1866 171 1928 rint
194 1866 299 1944 legem
320 1865 441 1944 aliquid
464 1869 629 1927 vetantem
651 1869 682 1926 et
711 1881 877 1926 censuram
894 1881 954 1944 qua
968 1861 1090 1926 'sancita

107 1963 179 2040 fuit,
194 1978 266 2024 eam
279 1963 489 2024 nihilominus
505 1962 709 2041 culpabiliter
723 1961 851 2023 violant.

145 2060 228 2122 Hinc
249 2061 392 2121 censuris
423 2059 601 2121 obnoxium
621 2076 686 2120 non
703 2065 749 2121 est
763 2062 932 2137 peccatum
946 2059 1090 2138 prohibi-

104 2142 174 2222 tum
188 2159 256 2220 solo
266 2159 337 2238 jure
350 2157 486 2220 naturali
500 2159 549 2220 vel
561 2158 682 2231 divin03
699 2157 818 2218 etenim
831 2158 893 2218 tale
907 2162 1085 2236 peccatum,

104 2257 168 2317 nisi
187 2256 281 2316 simul
305 2256 345 2316 ab
371 2255 515 2318 Ecclesia
541 2255 742 2338 prohibitum
759 2255 810 2330 sit,
836 2256 956 2315 nullam
977 2256 1088 2318 inobe-

106 2339 259 2415 dientiam
271 2357 382 2415 contra
397 2344 589 2433 potestatem
602 2352 851 2414 ecclesiasticam
867 2354 1018 2415 continet.

145 2453 255 2531 Neque
281 2467 415 2511 censura
437 2451 594 2528 infligitur
609 2448 650 2512 ob
677 2450 829 2524 delictum
845 2467 931 2512 mere
945 2450 1087 2529 praeteri-

102 2556 185 2625 tum,
204 2565 322 2627 nempe
337 2549 423 2627 quod
447 2549 579 2610 omnino
599 2553 712 2624 cessat,
730 2554 851 2610 etcum
872 2547 1088 2610 inobedientia

103 2651 261 2725 praesente
275 2663 341 2707 non
364 2650 412 2706 est
437 2647 657 2726 conjunctum.
676 2648 767 2708 Ratio
790 2650 837 2707 est
852 2646 926 2724 quia
942 2661 1085 2718 censura,

105 2761 179 2805 cum
195 2745 236 2805 sit
249 2761 344 2822 poena
365 2745 578 2820 medicinalis,
595 2747 695 2806 fertur
707 2761 809 2823 perse
825 2744 864 2803 ad
883 2741 1088 2818 frangendam

105 2841 361 2913 contumaciam
378 2841 470 2919 atqui
489 2841 559 2902 haec
575 2841 776 2902 contumacia
788 2857 852 2899 non
866 2844 912 2898 est
924 2839 954 2896 in
971 2837 1087 2898 delicto

104 2954 192 3000 mere
205 2938 379 3016 praeterito,
394 2937 535 3015 namqui
549 2937 695 3015 deliquit,
708 2941 741 2998 et
754 2953 840 2997 nunc
851 2940 977 3013 paratus
990 2940 1037 2996 est
1048 2937 1087 2996 ad

103 3035 355 3098 satisfactionem
378 3034 604 3108 exhibendam,
633 3051 697 3096 non
719 3033 837 3096 dicitur
856 3037 1036 3095 contumax.
1053 3035 1087 3094 ld

102 3149 169 3193 non
182 3132 373 3212 intelligitur
389 3131 429 3191 de
441 3133 576 3209 peccato
591 3128 911 3208 physicepraaterito,
927 3130 1089 3192 moraliter

103 3235 212 3290 autem
226 3233 395 3308 praesente,
414 3228 489 3305 quia
501 3227 537 3286 in
549 3243 582 3288 se
595 3228 643 3288 vel
655 3226 690 3287 in
702 3225 765 3287 suis
780 3213 943 3289 effectibus
953 3233 1087 3291 tractum

105 3328 319 3390 successivum
337 3326 434 3388 babet
449 3325 502 3406 (⁶2).

144 3427 198 3488 IV.
216 3425 383 3506 Propertio
397 3424 474 3484 inter
483 3441 603 3504 poenom
618 3431 647 3482 ct
666 3421 802 3483 delictum
815 3424 1008 3487 observanda
1026 3429 1085 3500 est,

138 3561 177 3626 (ι)
192 3560 340 3610 cancerosus
350 3558 457 3621 annue
469 3558 568 3622 synam
580 3537 725 3620 camisam,
740 3561 783 3611 uu.
797 3562 831 3623 x,
842 3570 896 3624 cap.
913 3575 930 3612 1.

136 3638 174 3702 (t)
188 3641 310 3703 Eascbat,
329 3638 498 3690 institutiones
503 3638 579 3704 juris
590 3640 713 3703 canonici,
725 3640 768 3692 lib.
782 3639 812 3704 V,
825 3643 867 3693 tit.
883 3655 971 3691 xxxix.

922 3736 965 3782 lt.
