2594 4286
215 329 246 378 et
385 294 542 376 Exrcsiuto
564 328 740 375 Mtrfloblcn
764 328 847 374 tuuis
870 325 1023 374 cardulet.

216 465 333 529 corpus
356 465 373 510 e
392 449 490 510 domo
507 448 624 522 levare,
639 451 670 507 et
684 448 777 509 lunas
793 448 909 508 ducere
921 462 1021 524 usque
1034 444 1073 506 ad
1088 443 1197 506 eccle-

214 543 293 606 siam
307 544 341 605 in
356 561 419 625 qua
432 543 573 606 osticium
584 543 624 605 ab
638 542 700 603 alio
710 543 952 623 persolvendum
966 547 1025 605 est.

254 642 284 705 3.
306 644 323 705 J
328 661 362 704 us
383 642 524 722 parochi,
542 643 645 721 quoad
657 643 872 704 emolumenta
882 659 919 703 ex
935 639 1099 702 funeribus
1114 654 1197 718 pro-

215 740 384 815 venientia,
412 740 529 820 duplex
555 739 769 820 distinguitur,
790 756 906 818 nempc
927 738 978 818 jas
999 739 1044 800 'ad
1069 740 1194 799 certam

216 838 384 900 oblaa'oaem
398 839 474 899 dum
490 837 590 899 fidelis
602 837 634 898 in
643 837 817 918 parochiali
828 835 1010 900 coemcterio
1025 833 1193 915 sepelitur,

217 940 249 996 et
257 935 307 1014 jus
322 935 363 995 ad
377 943 514 1015 quartam
533 934 697 1015 funeratam
714 952 769 997 seu
792 934 974 1015 portionem
994 931 1196 1006 canonicam,

215 1033 291 1094 dum
304 1033 512 1111 parochianus
524 1030 600 1093 alibi
612 1034 774 1111 sepultura
786 1034 932 1094 donatur.

256 1131 330 1192 llaec
343 1129 447 1210 portio
460 1130 661 1210 parochialis,
691 1132 858 1210 desumpta
884 1148 922 1192 cx
935 1129 1084 1192 omnibus
1102 1145 1195 1190 emo-

152 1251 162 1268 ·
218 1228 368 1308 lumentis
395 1245 466 1308 quae
482 1227 603 1290 ratione
628 1228 745 1291 lunaris
769 1227 859 1291 alteri
886 1227 1028 1290 ecclesiae
1055 1225 1197 1288 obvene-

219 1333 303 1400 runt,
317 1326 388 1405 jure
400 1324 560 1387 ordinario
573 1331 620 1386 est
634 1331 745 1404 quarta
758 1342 829 1405 pars
848 1324 1056 1386 oblationum.
1072 1325 1196 1385 Verum

219 1424 249 1485 vi
266 1422 502 1486 consuetudinis
529 1429 634 1503 potest
649 1440 716 1485 esse
731 1422 862 1500 diversa,
882 1421 1005 1486 scilicet
1019 1422 1122 1502 major
1142 1421 1195 1483 vel

222 1522 329 1584 minor
343 1527 454 1602 quarta
465 1527 555 1600 parte
568 1507 622 1602 (l).

616 1753 746 1824 CAPUT
766 1757 795 1817 ΙΙ

431 1909 433 1913 ’
505 1917 555 1968 lle
569 1917 719 1980 collegit·
734 1918 909 1971 laicarum.
944 1935 948 1940 ·

261 2075 381 2136 Praeter
400 2072 535 2152 singulas
556 2074 710 2137 laicorum
732 2091 893 2155 personae,
912 2075 1054 2156 Ecclesia
1075 2061 1200 2138 in'sinu
1289 2137 1290 2140 ,

223 2165 281 2234 suo
305 2172 400 2234 ctiam
425 2173 567 2235 continet
590 2190 739 2252 personas
753 2174 899 2247 morales,
922 2193 993 2254 qaae
1010 2176 1107 2236 linem
1123 2191 1208 2254 spe--

224 2271 337 2332 cialern
357 2289 422 2350 prae
440 2289 473 2332 se
488 2271 604 2348 lerunt,
622 2276 654 2334 et
668 2271 907 2334 subsistentiam
928 2290 985 2352 per
1005 2290 1038 2334 se
1059 2279 1200 2336 stantem

224 2369 460 2448 quodammodo
493 2369 622 2445 babent,
652 2370 696 2432 ita
722 2375 757 2432 ut
785 2367 840 2430 fini
868 2388 1017 2449 supremo
1045 2371 1200 2433 Ecclesiae

224 2469 327 2548 quoad
348 2468 454 2529 omnia
470 2469 662 2548 respondere
682 2469 827 2534 debeant.
850 2472 895 2530 Ex
916 2486 977 2547 qua
998 2470 1202 2532 connexione

224 2582 298 2627 cum
314 2565 457 2627 universa
474 2566 614 2628 Ecclesia
628 2567 772 2644 infertur,
788 2567 944 2651 ejusmodi
959 2567 1103 2648 collegia,
1120 2585 1202 2647 qua-

223 2668 315 2750 tenps
337 2663 370 2724 in
386 2664 457 2743 jare
479 2664 633 2726 canonico
650 2665 901 2735 considerantur,
918 2664 1043 2728 nonnisi
1063 2665 1206 2727 interve-

224 2761 331 2823 niente
344 2761 532 2823 auctoritate
550 2763 763 2824 ecclesiastica
778 2763 974 2842 erigiposse,
993 2762 1205 2842 ejusdemque

224 2857 414 2938 inspectioni
430 2863 461 2920 et
475 2860 666 2938 protectioni
680 2860 819 2923 subesse.
1113 2847 1116 2854 Δ

189 3002 191 3007 .
265 2957 454 3036 Hujusnrodi
475 2957 610 3036 collegia
627 2957 781 3020 laicorum
805 2964 878 3020 sunt
906 2957 1040 3037 triplicis
1061 2958 1202 3037 generis,

226 3071 342 3134 nempe
358 3054 473 3131 serora,
492 3055 758 3136 confraternitates,
775 3055 939 3138 hospitalia.

819 3159 826 3182 Ι

263 3204 330 3256 Aur.
347 3204 367 3257 l.
406 3204 445 3258 De
461 3202 581 3260 Scholia.

263 3291 329 3382 dar.
343 3291 376 3346 ll.
406 3292 446 3347 De
458 3290 767 3368 confraternitatum„

263 3379 329 3434 Anr.
345 3377 391 3434 lll.
406 3379 446 3434 lle
458 3379 660 3452 Hospitalibus.

259 3587 296 3650 (t)
314 3585 418 3648 Girnldi‚
435 3587 470 3636 De
479 3586 597 3652 parocho,
608 3602 666 3651 pars
675 3587 718 3650 lIl,
733 3602 787 3652 cap.
800 3603 859 3642 xxv.
