2594 4286
221 349 254 398 ιι
387 350 543 397 nxrosrrio
564 350 739 398 unruomcn
761 331 843 396 ioars
866 349 1021 396 canorum.

217 467 409 530 dominativa
431 473 466 529 et
496 472 634 546 potestas
655 466 896 546 jurisdictionis.
930 465 1117 528 Jurisdictio
1145 466 1196 525 est

215 571 354 646 potestas
378 565 547 644 spiritualis
567 567 606 626 ad
630 565 732 627 claves
755 563 906 625 Ecclesiae
927 564 1100 642 pertinens
1122 567 1155 624 et
1175 579 1195 621 a

216 664 338 727 Christo
364 664 502 724 derivata
523 681 580 743 per
607 663 792 725 Pontificem
812 667 843 724 et
864 661 1050 740 Episcopos.
1072 694 1113 708 -
1130 663 1194 721 Po-

215 766 310 822 testas
327 759 518 822 dominativa
535 767 583 822 est
594 761 645 838 jus
662 759 853 838 acquisitum
877 757 1023 837 religioni
1039 762 1070 818 et
1088 759 1193 834 Supe-

215 857 353 919 rioribus
368 859 406 918 ad
420 858 642 936 imperandum
654 856 827 937 religiosis3
844 861 913 917 orta
923 861 970 917 est
981 854 1193 916 radicalitera
1292 855 1293 876 ³

214 957 376 1018 voluntate
399 957 629 1036 profitentium,
648 973 680 1018 se
692 955 879 1018 donantium
894 953 1004 1016 Ordini
1023 969 1097 1014 cum
1113 970 1191 1031 pro-

216 1052 365 1114 missione
381 1053 620 1134 etobligatione
634 1053 816 1115 obediendi.

255 1151 293 1212 ΙΙ.
310 1151 451 1213 Potestas
464 1152 666 1234 dominativa
686 1151 865 1214 necessario
884 1152 973 1212 adest
990 1149 1024 1209 in
1046 1148 1192 1229 quolibet
1292 1183 1293 1218 2

217 1249 343 1310 Ordine.
365 1249 519 1310 Probatur
535 1267 573 1310 ex
590 1255 663 1311 voto
679 1249 869 1312 obedientiae
890 1255 921 1311 et
939 1248 1110 1310 traditione
1127 1264 1191 1328 qua

217 1347 381 1424 religiosus
404 1365 437 1409 se
462 1351 527 1409 Deo
551 1354 581 1410 et
603 1348 713 1410 Ordini
736 1348 905 1426 mancipat.
926 1381 965 1392 -
986 1348 1091 1408 Status
1113 1345 1191 1408 reli·
1292 1363 1293 1420 3

216 1445 321 1523 giosus
341 1463 408 1506 esse
424 1450 531 1524 potest
546 1463 618 1507 cum
641 1446 708 1507 sola
729 1451 884 1525 potestate
903 1444 1095 1506 dominativa
1109 1443 1193 1505 intra

216 1542 321 1620 ipsum
339 1542 491 1605 Ordinem
512 1544 675 1605 existente.
693 1542 847 1606 Probatur
859 1543 922 1604 sive
938 1560 976 1604 ex
991 1541 1194 1603 monasteriis
1292 1551 1293 1570 ¹

217 1641 403 1702 monialium
419 1660 489 1720 quae
504 1640 714 1720 subjiciuntur
727 1641 893 1704 abbatissae
908 1647 943 1703 ut
958 1638 1062 1716 matri,
1078 1656 1195 1724 quam-

216 1737 260 1798 vis
275 1755 339 1798 non
353 1737 468 1800 habeat
482 1737 513 1799 in
527 1738 608 1820 ipsas
619 1739 876 1818 jurisdictionem
894 1739 1090 1819 spiritualem
1103 1759 1111 1812 ;
1128 1737 1196 1798 sive

217 1854 254 1898 ex
270 1835 407 1915 antiquis
427 1837 625 1899 monasteriis
639 1855 711 1916 quae
724 1837 939 1904 ,verisimiliter
953 1837 1080 1898 fuerunt
1097 1833 1190 1895 insti-

185 1923 187 1928 ’
216 1938 283 1994 tuta
303 1933 370 1994 sine
393 1933 521 2011 speciali
544 1933 867 2011 jurisdictionessive
889 1935 1034 2011 exemplo
1051 1933 1190 1993 deducto

218 2048 255 2092 ex
269 2031 398 2107 familia,
414 2032 462 2092 vel
476 2047 514 2091 ex
527 2031 685 2092 societate
691 2031 872 2108 particulari
888 2029 1073 2092 voluntaria.

257 2130 308 2191 111.
327 2129 515 2206 Contingere
530 2127 642 2206 nequit
664 2133 700 2189 ut
721 2129 825 2190 nullus
844 2127 958 2189 habeat
974 2128 1007 2186 in
1025 2125 1189 2205 religiosos

214 2226 481 2306 jurisdictionem.
507 2227 633 2287 Etenim
660 2229 757 2286 slatus
779 2225 929 2303 regularis
952 2233 998 2286 est
1021 2223 1213 2285 ecclesias-'

217 2323 317 2398 ticus3
334 2341 370 2386 eo
385 2325 452 2402 ipso
468 2323 554 2404 quod
570 2323 683 2403 aliquis
697 2324 775 2384 ordo
791 2321 1188 2398 religiosusconstituatur,

218 2423 322 2485 statim
337 2421 504 2500 subjicitur
512 2423 723 2501 jurisdictioni
737 2421 892 2501 spirituali
905 2424 1067 2499 pastorum
1081 2419 1191 2480 Eccle-

218 2521 284 2582 siae.
302 2522 417 2581 Omnes
435 2526 608 2582 conventus
623 2519 718 2581 alicui
731 2520 863 2598 praelato
878 2518 1021 2580 subsunt.
1033 2517 1118 2577 -In
1132 2517 1192 2576 Or·

219 2617 345 2680 dinibus
370 2615 535 2696 exemptis
555 2616 723 2678 necessarii
746 2623 817 2678 sunt
837 2614 975 2695 religiosi
995 2612 1116 2692 praelati
1137 2613 1192 2692 qui

217 2715 422 2778 conventibus
444 2721 583 2802 praesunt
602 2722 633 2776 et
650 2715 908 2793 jurisdictionem
931 2713 1049 2774 habent
1065 2729 1103 2772 ex
1121 2710 1192 2789 jore

217 2814 362 2892 positivo.
381 2815 535 2876 Dicuntur
554 2819 586 2875 et
607 2819 680 2875 sunt
697 2813 831 2892 praelati,
848 2829 922 2872 nam
940 2809 1015 2888 ipsis
1030 2808 1193 2870 confertur

214 2910 392 2991 jurisdictio
412 2910 583 2991 spiritualis
607 2909 768 2972 ordinaria
790 2907 886 2971 etiam
905 2906 939 2968 in
957 2907 1026 2968 soro
1048 2909 1189 2966 externo.

277 3109 389 3168 Qonsrro
402 3111 436 3161 2⁸.
450 3137 481 3148 -
490 3109 527 3160 Ds
538 3123 657 3165 sonarcro
677 3123 703 3158 ιιι
715 3121 763 3164 ono
774 3121 878 3158 nrsmrr
893 3117 1013 3158 roresras
1025 3116 1131 3154 aeorum

618 3188 729 3240 Onrrnes
739 3189 780 3253 (1).

255 3342 279 3401 l.
299 3339 422 3416 Quicum
433 3342 490 3402 sint
499 3335 789 3425 praelotirequlores.
801 3376 840 3392 -
851 3343 1006 3406 Ordinum
1017 3340 1188 3415 Generalis

217 3438 432 3514 Provincialis5
454 3440 649 3519 singulorum
670 3449 883 3506 conventuum
904 3441 1006 3516 Prior,
1026 3445 1099 3502 sunt
1114 3456 1193 3517 prae-

218 3537 286 3614 lati,
307 3554 381 3599 cum
397 3537 533 3600 habeant
543 3538 799 3617 jurisdictionem
813 3538 1017 3602 ordinariam.
1034 3537 1194 3598 Generalis

251 3697 285 3757 (1)
295 3695 396 3756 Suarez,
408 3695 440 3744 de
449 3694 587 3762 deliciosae,
604 3703 623 3746 t.
638 3697 680 3759 IV,
691 3703 765 3748 tract.
782 3700 807 3749 8.
