2604 4264
350 353 353 360 ¹
449 281 523 326 rius
546 279 711 328 sonemus.
1034 285 1068 334 os
1103 263 1106 270 “

92 399 294 480 episcopalis,
320 399 407 462 idem
433 398 606 480 dicendum
628 405 677 461 est
698 400 738 461 de
761 398 987 464 benedictione
1012 396 1073 462 A'n·

90 498 172 560 hatis
194 498 280 562 etde
295 495 534 559 consecratione
549 497 662 576 Regis,¹

128 603 159 660 2.
187 597 460 670 consecrationes,
485 611 558 656 oum
578 612 634 673 per
657 595 824 657 unctiones
850 597 1071 673 conficiantur,

90 696 199 757 ordini
221 694 393 775 episcopali
416 697 624 768 reservantur,
647 692 729 756 siout
740 694 811 774 jure
828 695 934 756 divino
947 696 986 756 ad
1000 695 1074 774 Epi·

89 811 228 875 scopum
239 791 776 873 pertinetcollatioConfirmationis
787 791 1076 870 etOrdinis.Prop-

88 897 181 955 terea
202 895 364 970 nequeunt
378 889 417 950 ab
434 890 504 968 ipso
519 889 678 968 Episcopo
696 889 833 968 delegari
855 890 1074 952 sacerdotibus

89 989 318 1064 inferioribus3
334 1006 362 1049 v.
379 1005 408 1066 g.
436 987 633 1048 consecratio
651 988 805 1062 eoelesiae,
820 987 937 1064 altaris,
953 986 1073 1051 caliois.

90 1089 138 1148 Ex
151 1087 280 1149 indulto
292 1085 490 1166 Apostolioo,
506 1085 643 1164 delegari
658 1089 765 1164 potest
779 1084 962 1148 benedictio
981 1102 1072 1148 oam-

91 1201 258 1266 panarum.
871 1251 873 1256 ,

134 1289 165 1346 3.
185 1281 430 1345 Benedictiones
442 1297 561 1357 rerum,
574 1298 645 1360 quae
655 1281 694 1342 ad
708 1297 801 1344 usum
817 1283 848 1342 et
860 1283 1007 1342 ornatum
1022 1283 1075 1343 Sa·

92 1381 208 1444 orifioii
219 1381 424 1453 destinantur,
433 1385 468 1441 ut
481 1385 553 1442 sunt
567 1380 755 1458 corporalia,
770 1381 957 1441 indumenta
970 1396 1074 1440 sacer-

92 1480 225 1553 dotalia,
237 1497 301 1540 non
317 1479 361 1540 ita
376 1479 517 1557 rigorose
539 1479 752 1540 adnectuntur
769 1477 873 1540 ordini
888 1476 1073 1557 episcopali,

92 1579 174 1657 quin
184 1577 223 1638 ab
237 1577 400 1656 Episcopis
413 1576 528 1654 saepius
544 1577 730 1654 detegentur
747 1576 979 1638 sacerdotibus.

134 1677 172 1737 In
198 1675 375 1737 Pontifioali
400 1675 568 1736 traduntur
590 1673 830 1738 benedictiones
851 1692 934 1753 quae,
952 1674 1075 1736 secluso

92 1775 222 1836 Indulto
234 1773 424 1854 apostolico,
440 1772 566 1835 nonnisi
581 1772 620 1833 ab
634 1773 800 1852 Episcopis
814 1773 906 1846 flunt,
930 1777 962 1833 et
980 1788 1077 1851 gene-

93 1872 189 1934 ratim
225 1873 290 1934 illae
324 1872 358 1932 in
384 1871 499 1950 quibus
523 1872 691 1934 intervenit
712 1871 832 1933 unctio.
856 1871 979 1932 Rituale
1002 1886 1076 1931 vero

93 1969 237 2030 eontinet
252 1969 494 2032 henedictiones
510 1988 581 2050 quae
594 1987 611 2030 a
630 1969 848 2032 sacerdotibus
862 1969 976 2031 confidi
999 1985 1076 2048 pos-

92 2069 178 2143 sunt,
195 2083 231 2128 ex
239 2067 311 2145 jure
324 2066 455 2147 proprio
469 2067 518 2128 vel
532 2067 687 2144 delegato.

134 2164 173 2226 II.
197 2161 412 2225 Beoedz'rtioaes
429 2163 621 2226 sacerdotates
649 2164 799 2226 dicuntur
822 2163 886 2226 illae
913 2180 984 2242 quae
1007 2161 1075 2225 sine

93 2260 248 2322 unctione
257 2263 480 2340 conficiuntur,
490 2278 593 2340 neque
603 2262 982 2341 Itpisoopisreservantur.
996 2263 1076 2324 Cum

93 2355 182 2418 enim
210 2358 417 2436 perficiantur
446 2376 502 2436 per
529 2357 745 2437 aspersionem
772 2374 862 2437 aquae
886 2357 1074 2433 benediotae,

92 2454 259 2532 Baptismo
269 2461 505 2535 comparantur.
522 2457 678 2518 Sacerdos
691 2461 738 2518 est
748 2473 858 2518 earum
867 2456 1022 2531 minister,
1037 2454 1077 2514 si·

93 2551 1076 2632 outjuredivinooonstituiturordinariusministerBaptismi.

136 2655 165 2711 t.
186 2651 235 2712 Ad
253 2652 433 2712 secerdotes
457 2652 646 2731 simpliciter
660 2653 820 2731 pertinent
835 2650 1076 2714 benedictiones

92 2767 166 2827 quae
180 2749 213 2809 in
233 2748 350 2809 Rituaii
362 2749 466 2828 primo
479 2752 551 2812 loeo
562 2756 734 2828 ponuntur.
750 2751 902 2823 Quaedam
912 2767 950 2810 ex
960 2747 1023 2809 illis
1035 2747 1075 2808 ad

92 2845 259 2926 parochos
273 2852 427 2924 spectant.
937 2905 939 2909 ,
1149 2843 1150 2848 ’

135 2947 164 3006 2.
187 2944 319 3004 Nonnisi
335 2961 373 3004 ex
393 2944 593 3022 delegatione
612 2945 682 3007 fieri
703 2949 837 3024 possunt
851 2962 870 3005 a
883 2941 1076 3024 presbyteris

94 3042 337 3104 benedictiones
349 3044 483 3104 alterius·
492 3044 613 3114 ordinis
628 3062 699 3122 quae
715 3045 856 3105 secundo
868 3043 940 3103 loco
955 3060 1077 3122 ponun-

92 3146 147 3202 tur
162 3140 221 3201 sub
248 3141 311 3212 hoo
337 3141 430 3202 titul'o
445 3162 456 3203 :·
478 3140 694 3204 Benedictioaes
716 3140 753 3201 ob
780 3139 938 3222 Ept'soopo,
966 3141 1014 3202 vel
1040 3140 1077 3204 ab

92 3237 161 3298 aliis
171 3235 343 3318 facultatem
357 3237 524 3299 habentibus
538 3237 691 3318 faciendo.

133 3337 186 3399 111.
204 3337 324 3400 Praeter
334 3337 563 3414 Episcopatum
573 3340 605 3398 et
619 3335 885 3415 presbyteratum,
899 3338 1014 3414 gradus
1030 3337 1078 3399 in·

92 3435 228 3497 seriores
259 3435 396 3511 Ordinis,
413 3433 495 3497 sicut
508 3453 572 3498 non
587 3440 660 3496 sunt
670 3435 741 3514 jure
755 3434 861 3496 divino
876 3436 1012 3498 ministri
1028 3454 1077 3498 or-

94 3533 212 3594 dinarii
237 3533 526 3608 Sacramentorum,
558 3533 603 3596 ita
630 3550 733 3612 neque
762 3533 833 3613 jore
861 3533 1076 3598 ecclesiastico

92 3632 255 3696 habentur
276 3632 362 3696 velot
385 3630 538 3692 ordinarii
562 3631 700 3694 ministri
715 3630 988 3698 benedictionum.
