2618 4252
469 299 542 347 runs
564 283 728 346 seuerius.
1033 301 1087 348 aaa

91 413 298 479 catholicam
320 413 429 477 haberi
446 419 598 495 tanquam
611 416 739 492 unicam
760 417 866 478 Status
882 417 1083 498 religionem,

91 513 230 576 ceteris
246 512 502 592 quibuscumque
523 513 661 577 cultibus
678 513 864 577 exclusis...
882 515 962 577 Hinc
977 516 1087 577 lauda·

90 609 211 674 biliter
225 611 259 671 in
274 609 467 688 quibasdam
490 611 639 672 catholici
658 611 798 674 nominis
817 611 999 690 regionibus
1013 614 1086 692 lege

90 713 233 771 cautum
247 711 305 780 est,
317 711 353 768 ut
366 706 549 768 hominibus
561 706 656 770 liceat
669 707 834 788 publicum
850 711 969 788 proprii
980 710 1086 788 cujus·

91 823 159 886 que
175 807 285 874 cultus
301 803 487 866 exercitium
505 804 686 868 hahere.....
699 805 871 878 ¹Enimvero
891 807 1003 868 falsum
1022 813 1084 880 est,

91 901 230 964 civilem
249 903 403 981 cujusque
419 903 522 964 cultus
538 888 717 966 libertatem
732 905 911 966 conducere
925 906 965 966 ad
980 922 1084 984 popu-

92 1003 211 1062 lorum
226 1017 334 1061 mores
346 999 531 1078 animasque
544 999 668 1062 facilius
681 1003 932 1078 corrumpendos
944 1000 1000 1082 (l).
1020 1025 1035 1057 n
1048 1072 1052 1079 .

135 1101 181 1160 ΙΙ.
199 1098 352 1178 Principes
369 1097 411 1157 ita
426 1098 593 1178 religionem
609 1099 688 1161 tueri
700 1097 811 1176 debent,
828 1107 861 1160 at
879 1098 1019 1162 Ecclesiae
1025 1099 1086 1180 ja·

93 1195 179 1258 dicia
192 1216 250 1258 nan
262 1203 457 1270 antevertant,
473 1196 523 1256 sed
533 1205 704 1277 sequantur.

137 1293 240 1356 Proh.
257 1297 284 1354 l.
303 1292 474 1354 rationibus.
494 1293 608 1370 Prima,
629 1295 663 1354 in
676 1293 812 1372 negotiis
832 1311 903 1372 quae
918 1294 1015 1354 fidem
1031 1299 1084 1356 aut

96 1390 306 1472 disciplinam
324 1396 479 1470 spectant,
500 1397 638 1469 potestas
653 1390 752 1454 civilis
770 1397 896 1453 tenetur
908 1392 1085 1454 Ecclesiam

94 1491 284 1564 consulere,
298 1488 361 1548 sive
376 1486 449 1566 quia
463 1504 567 1550 eausae
579 1489 715 1568 maj0res
729 1491 861 1556 Summo
875 1487 1021 1550 Pontifici
1035 1505 1084 1548 re-

96 1591 280 1662 servantur,
300 1587 363 1648 sive
378 1585 452 1664 quia
469 1586 529 1649 hac
545 1584 659 1665 agendi
674 1583 795 1648 ratione
808 1584 931 1647 facilius
945 1587 1083 1648 vitantur

100 1684 289 1747 conflictus

126 1805 130 1811 ·
144 1779 292 1855 Secundo,
309 1779 442 1841 felicitas
456 1781 642 1859 temporalis
655 1798 720 1841 non
735 1781 935 1859 procuranda
949 1782 997 1841 est
1009 1797 1084 1842 cum

99 1879 301 1940 detrimento
315 1877 442 1939 maximi
453 1876 529 1939 boni
542 1895 597 1939 seu
607 1877 679 1945 vitae
690 1878 931 1957 aeternae.Atqui
941 1878 1084 1940 Ecclesia

99 1977 174 2040 sola
196 1993 290 2038 nosse
311 1980 426 2055 potest,
450 1975 524 2053 quid
548 1976 587 2036 ad
607 1974 793 2053 religionem
812 1975 979 2053 pertineat.
999 1977 1083 2051 Ergo

99 2067 279 2136 felicitast
266 2074 451 2152 temporalis
476 2072 591 2150 sapius
615 2090 681 2134 non
704 2071 904 2134 ordinaretur
927 2074 965 2134 ad
988 2070 1084 2134 vitam

101 2176 270 2247 aternam,
287 2171 312 2231 si
327 2171 519 2249 Principes
511 2188 544 2230 m
559 2171 757 2232 defendenda
778 2172 931 2250 religione
945 2175 1085 2288 antever-

99 2275 211 2332 terent
222 2269 343 2349 judicia
355 2269 517 2354 Ecclesia.

145 2367 245 2428 Proh
261 2371 290 2428 2.
307 2345 467 2428 auctoritat
467 2385 482 2427 e
455 2367 731 2429 tDecretalium:
757 2387 771 2424 a
785 2367 951 2429 Publicum
970 2366 1084 2448 (socie-

101 2465 182 2528 tatis
202 2463 312 2544 civilis)
333 2463 485 2526 auxilium
508 2463 550 2526 ita
569 2463 602 2526 in
617 2462 767 2526 Ecclesiae
782 2465 901 2528 honum
915 2466 1083 2527 conseren-

103 2565 185 2626 dum
210 2569 267 2641 est,
294 2569 330 2624 ut
359 2581 423 2625 nou
445 2561 653 2642 praejudicare
682 2570 864 2643 praesumat,
893 2564 948 2625 sed
978 2559 1083 2640 potius

103 2679 178 2741 quae
193 2662 258 2723 Deo
274 2667 346 2721 sunt
360 2661 477 2739 placita
493 2664 666 2739 exequatur
682 2663 736 2739 (2).
750 2683 764 2721 u
831 2727 834 2732 ,

145 2759 282 2821 Accedit
303 2759 471 2819 auctoritas
495 2759 628 2820 Consilii
651 2759 857 2832 Tridentini:
884 2778 899 2815 a
923 2756 1083 2835 Principes

103 2857 274 2918 saeculares
292 2855 441 2914 Ecclesiae
468 2859 664 2961 protectores
685 2856 728 2916 ita
753 2871 820 2916 esse
841 2854 1026 2929 censendos,
1049 2858 1085 2915 ut

102 2958 215 3016 tamen
231 2969 302 3030 quaa
326 2951 563 3012 ecclesiastici
552 2949 631 3030 Juris
653 2953 737 3025 sunt,
757 2957 907 3029 tanquam
925 2949 981 3054 Dei
1003 2967 1086 3028 prae-

104 3053 182 3129 cept
183 3065 202 3108 a
216 3053 307 3130 sanat
308 3047 355 3108 ius
370 3053 558 3109 venerentur
572 3047 655 3128 (3).n

137 3237 175 3303 (l)
189 3237 228 3286 Pii
242 3237 276 3286 tx
292 3234 413 3299 Syllabas
432 3235 599 3296 complectens
624 3234 763 3298 praecipuus
784 3229 967 3286 aetatis'uostrae
981 3247 1084 3293 errores,
1151 3212 1153 3214 ’

106 3319 354 3460 ⁷⁷lt}al'lelrz'etaliurn
364 3395 406 3443 lib.
425 3396 434 3442 l
440 3431 450 3456 ,
459 3393 498 3443 tit.
511 3392 716 3458 xnx1,de0ffieio
726 3393 826 3458 judicis
838 3392 974 3443 ordinarii.

140 3480 174 3538 (3)
187 3477 323 3528 Concilium
334 3475 517 3537 Tridentinum,
535 3487 597 3524 sess.
608 3473 685 3535 XXV,
698 3487 756 3535 cup.
776 3489 819 3532 xx,
831 3473 863 3524 de
875 3475 984 3546 Reform.
