2618 4252
213 295 264 340 302
304 309 308 318 ¹
378 295 534 340 tlerosrt‘to
554 293 733 338 darnouwe
753 295 836 338 tants
858 293 1016 338 CANONIGI.

210 409 289 472 oriri
301 408 409 471 solitas
420 410 601 490 restinguit.
612 409 710 472 Nemo
722 407 857 488 ignorat,
870 413 949 488 quot
959 407 1101 470 instituta
1109 425 1195 487 pau-

213 522 326 586 perum
345 523 429 568 curae
446 507 602 569 destinata
620 506 678 568 sub
695 507 847 570 Ecclesia
868 506 1019 586 auspiciis
1039 509 1143 568 ortum
1160 509 1195 565 et

215 605 413 668 incrementa
428 605 590 667 traxerint.

256 705 307 764 Ill.
324 703 459 764 Ecclesia
476 701 669 763 moralitatem
682 703 789 764 cloiam
797 711 951 784 procurat,
965 701 1107 780 ideoque.
1123 699 1196 762 civi·

217 807 315 863 tatem
328 800 453 881 egregie
465 802 602 880 adJuvat.
617 799 770 863 Dillerunt
784 802 842 862 sub
857 802 919 863 hoc
931 803 1081 879 respectu
1094 801 1197 876 lmpc-

218 897 301 959 rium
316 905 346 960 et
360 898 590 960 Sacerdotium.
604 900 682 958 Nam
696 899 856 978 imperans
868 897 967 960 civilis
983 901 1076 976 urget
1091 901 1198 957 exter-

218 994 1199 1076 namactionumcumlegeconvenientiam,quamtepolitatem

217 1100 342 1157 vocant.
368 1097 409 1156 At
435 1113 509 1155 vero
532 1093 674 1156 Ecclesia
695 1095 790 1156 etiam
818 1092 916 1154 animi
943 1098 1047 1154 motus
1074 1091 1196 1171 dirigit,

217 1196 347 1269 peccata
363 1192 488 1254 interna
510 1191 670 1270 prohibet,
697 1191 805 1269 sicque
826 1188 973 1266 intendit,
995 1195 1029 1251 ut
1047 1187 1198 1250 homines

218 1297 395 1350 manumet
417 1307 472 1350 cor
492 1307 511 1349 a
532 1292 664 1368 paccata
683 1287 863 1350 cohibeant.
882 1289 948 1359 Qua
968 1285 1091 1349 ratione
1110 1286 1200 1366 dagi-

216 1384 335 1448 tiorum
366 1393 569 1448 externorum
606 1386 678 1446 lons
707 1385 892 1460 obstruitur,
919 1390 951 1447 et
981 1383 1103 1446 subditi
1133 1401 1198 1445 non

217 1489 341 1546 tantum
367 1470 533 1562 legalitatis
554 1483 701 1558 studiosi,
724 1483 779 1544 sed
801 1499 872 1544 vere
894 1482 987 1560 probi
1013 1487 1045 1544 et
1068 1459 1199 1544 honesti

151 1639 152 1643 ,
216 1581 410 1643 efficiuntur.

259 1681 310 1742 IV.
335 1677 468 1738 Ecclesia
494 1676 598 1758 firmat
614 1677 793 1758 principalia
820 1677 866 1738 rei
892 1676 986 1738 civilis
1013 1675 1197 1756 fulcimenta.

220 1779 289 1838 Huc
314 1777 493 1836 referantur
514 1776 752 1837 matrimonium
776 1781 807 1837 et
826 1776 1054 1855 juramentum,
1081 1774 1199 1854 quibus

221 1869 371 1934 institutis
390 1872 455 1932 sola
473 1872 615 1946 Ecclesia
635 1872 733 1934 robur
758 1872 1009 1952 dignitatemque
1033 1873 1198 1935 conciliat.
1298 1947 1299 1954 ἵ

221 1971 265 2030 lla
282 1970 347 2030 sola
364 1969 604 2030 matrimonium
624 1970 663 2029 ad
682 1986 827 2031 normam
842 1967 920 2048 legis
936 1968 1051 2031 divinae
1065 1987 1202 2048 compo-

221 2067 283 2144 nit3
307 2066 381 2127 inde
404 2065 550 2144 provenit
576 2068 654 2147 ordo
680 2066 880 2128 familiarum.
903 2068 952 2154 Ad
975 2067 1201 2146 jusjurandum

218 2165 306 2242 quod
328 2163 451 2235 attinet,
475 2164 639 2242 proposito
662 2164 718 2225 Dei
740 2165 855 2226 timore
879 2165 997 2243 pariter
1021 2171 1052 2227 et
1077 2182 1199 2239 amore,

221 2260 361 2322 aeclesia
377 2265 483 2339 potest
503 2262 638 2335 allicere,
658 2267 693 2323 ut
710 2265 778 2323 tum
796 2263 911 2352 veritas
929 2262 962 2322 in
978 2263 1198 2343 jurejurando,

221 2367 289 2420 tum
305 2359 439 2419 fidelitas
458 2359 491 2419 in
513 2360 669 2438 explendo
684 2361 865 2438 juramento
881 2359 1029 2437 religiose
1044 2367 1199 2424 servetur.
1297 2351 1298 2390 l

262 2457 299 2518 V.
317 2458 451 2517 Demum
463 2455 596 2516 Ecclesia
610 2456 732 2518 salatera
745 2456 988 2554 pablr'caaajavat
1002 2457 1091 2518 etiam
1101 2455 1202 2518 mediis

221 2553 503 2632 supernaturalitas,
525 2573 553 2614 v.
576 2573 606 2632 g.
629 2553 802 2631 sacrificiis,
818 2554 1109 2630 benedictionibus
1125 2571 1201 2633 pre-

224 2648 1201 2731 cibus.llasiquidemcontinuo,juxtamonitumApostoli(l),
1296 2681 1297 2716 r

224 2748 300 2810 lacit
331 2769 345 2807 a
365 2748 610 2824 obsecrationes,
633 2749 802 2826 orationes,
822 2751 1063 2829 postulationes,
1087 2750 1205 2828 gratia·
1296 2735 1297 2748 ¹

132 2859 139 2874 ·
225 2865 296 2908 rum
314 2847 455 2909 actiones
477 2866 534 2926 pro
557 2847 706 2909 omnibus
730 2847 923 2925 hominibus,
947 2866 1005 2927 pro
1023 2847 1150 2928 regibus
1170 2853 1205 2910 et
1296 2835 1297 2841 ἵ

225 2944 372 3006 omnibus
394 2945 449 3023 qui
471 2943 504 3004 in
526 2944 720 3006 sublimitate
741 2951 823 3007 sunt.
846 2967 861 3004 a
885 2947 999 3008 Procul
1022 2945 1123 3008 dubio
1143 2953 1202 3022 est,

223 3041 272 3102 his
289 3042 444 3120 suffragiis
463 3059 567 3122 neque
585 3043 719 3127 familias
737 3061 841 3123 neque
852 3061 949 3124 regna
962 3044 1030 3106 sinc
1046 3034 1134 3124 gravi
1150 3044 1206 3105 de·

223 3135 374 3197 trimento
389 3133 504 3213 privari
520 3154 623 3214 posse.
679 3179 682 3188 s
899 3142 904 3156 '

256 3298 292 3360 (t)
305 3300 315 3348 l
328 3300 403 3361 Tim,
419 3313 449 3360 u,
462 3303 484 3350 l.
