2604 4264
414 251 416 260 .
464 226 538 271 raus
560 201 725 273 srncrrma
1030 228 1083 278 lae

140 344 186 405 ll.
215 341 400 404 Domininm
426 342 676 405 eoolesiasticum
702 347 750 405 est
774 361 915 422 sacrum,
947 347 1085 426 ideoque

95 439 190 501 illius
201 439 334 501 violatio
348 438 459 499 induat
472 439 667 521 sacriteqicm.

140 536 239 598 Proh.
255 536 417 597 l⁰rctrooe
430 539 506 598 Haeo
517 543 564 599 est
574 537 716 600 conditio
724 538 882 602 bonorum
892 540 1085 602 ecclesiasti-

93 650 236 696 corum:
251 635 318 695 Deo
339 636 412 694 sunt
434 633 550 710 dicata,
578 633 611 694 in
632 637 728 696 linem
750 651 874 698 sacrum
898 638 1021 712 tradita,
1051 638 1085 698 in

93 731 227 794 ditione
237 729 397 792 societatis
406 730 578 810 spiritualis
587 731 839 811 posita‚demum
849 735 969 794 adusus
979 752 1085 797 sacros

93 829 272 909 applicata,
283 825 442 908 siquidem
456 829 686 908 impenduntur
694 835 763 892 tum
774 831 813 892 ad
826 832 1021 894 dotationem
1036 833 1084 894 di·

93 929 171 990 vini
184 925 286 990 cultus
300 933 331 988 et
344 927 565 1004 ecclesiarum,
581 933 649 990 tum
662 929 702 989 ad
716 931 978 1015 sustentationem
993 931 1083 993 cleri-

95 1042 217 1088 corum
230 1030 262 1087 et
273 1041 461 1103 pauperum.
651 1088 653 1094 ,

143 1122 239 1185 Proh.
253 1125 284 1182 2⁰
295 1122 480 1184 auctoritate.
495 1124 528 1184 S.
546 1124 714 1202 Gregorius
728 1124 770 1186 M.
784 1123 828 1185 ait
838 1124 880 1204 (l)
895 1143 901 1184 :
921 1144 935 1181 u
949 1126 1084 1188 Sacrile-

97 1222 192 1302 gium
214 1225 272 1294 est,
297 1220 322 1280 si
345 1220 414 1299 quis
431 1222 516 1300 quod
531 1220 762 1288 venerabilibus
782 1221 862 1282 locis
881 1221 1081 1301 relinquitur,

100 1337 207 1400 pravae
221 1319 391 1381 voluntatis
410 1318 523 1380 studiis
537 1319 705 1381 tentaverit
719 1319 868 1381 retinere.
883 1340 899 1378 r

122 1491 125 1495 ,
142 1419 239 1481 Juxta
250 1417 431 1492 formulam,
446 1434 464 1476 a
478 1415 651 1479 Martinoll
665 1417 796 1492 editam,
814 1433 925 1478 omnes
943 1417 1082 1496 suspecti

100 1513 412 1590 dehaeresiWiolelfi
426 1513 642 1593 interrogandi
656 1519 746 1576 erant
762 1535 770 1576 :
790 1537 805 1573 <r
820 1517 935 1576 Utrum
950 1516 1085 1577 credant

100 1613 193 1692 quod
209 1611 362 1672 bonorum
378 1611 667 1674 ecclesiasticorum
680 1611 800 1674 invasio
812 1611 942 1674 inducat
957 1612 1084 1674 sacrile-

101 1709 202 1790 gium.
220 1729 235 1766 t)

139 1807 234 1886 Apud
249 1807 436 1886 capitularia
450 1809 572 1886 Regum
587 1809 793 1883 Francorum,
809 1807 916 1889 populi
927 1808 1034 1888 petitio
1045 1806 1087 1868 ad

99 1904 315 1986 Imperatorem
326 1906 484 1984 (Gerulum
494 1904 592 1984 M.)in
603 1898 954 1968 con'ventuWormatiae
964 1905 1080 1980 oblata,
1140 1972 1141 1976 ,

101 2002 171 2065 haeo
185 2002 262 2064 dicit
277 2023 283 2062 :
302 2024 315 2060 o
328 2003 453 2065 Scimus
466 2020 514 2064 res
527 2003 679 2065 Ecclesia
690 2005 756 2065 Deo
770 2020 837 2065 esse
853 2007 1006 2078 sacratas3
1023 2001 1085 2064 sci·

99 2117 174 2161 mus
193 2116 244 2161 eas
259 2117 326 2161 esse
342 2089 518 2162 oblationes
536 2100 680 2162 fidelium
695 2107 726 2163 et
744 2101 846 2180 pretia
861 2106 1079 2180 peccatorum.
1177 2085 1183 2094 ’

98 2198 301 2276 Quapropter
324 2198 350 2257 si
368 2197 439 2276 quis
455 2215 508 2259 eas
523 2196 563 2258 ab
585 2197 727 2260 ecclesiis
743 2199 855 2274 aufert,
881 2197 1081 2283 sacrilegium

96 2297 212 2374 procul
229 2295 328 2357 dubio
344 2294 531 2357 committit.
547 2317 562 2356 a

139 2393 193 2454 111.
208 2394 388 2472 Proprietas
400 2392 552 2454 Ecclesia
566 2392 599 2453 in
612 2393 917 2457 honaecclesiastica
929 2399 976 2457 est
988 2391 1082 2474 justis

102 2491 206 2568 poenis
217 2509 254 2553 ac
263 2491 390 2552 censoris
399 2490 606 2565 communita,
617 2491 753 2571 ideoque
763 2509 833 2556 eam
846 2492 999 2554 violantes
1012 2491 1081 2551 illas

102 2607 214 2668 poenas
232 2607 269 2651 ao
287 2607 445 2662 censuras,
460 2605 497 2650 ao
519 2589 698 2668 praesertim
718 2587 1082 2653 excommunicationem

102 2688 199 2765 Papae
211 2692 401 2748 reservatam
415 2686 593 2748 incurrunt.
604 2708 619 2745 n

141 2783 238 2845 Proh.
259 2787 288 2844 l.
309 2785 355 2846 Ex
377 2780 821 2872 Decretalibus:‹r1nvasores
846 2799 953 2846 rerum
979 2780 1083 2843 eccle-

104 2879 303 2942 siasticarum
313 2887 464 2968 tanquam
479 2883 624 2962 sacrilegi
635 2889 709 2945 sunt
722 2880 915 2946 anathemati
927 2893 1027 2956 usque
1040 2879 1083 2939 ad

104 2978 353 3043 satisfactionem
367 2998 540 3060 congruam
557 2981 756 3060 supponendi
768 2980 820 3060 (ἓ).
838 2999 853 3036 r

143 3078 302 3156 Equidem
314 3080 382 3141 haec
393 3079 489 3141 verba
503 3079 637 3156 intelligi
653 3080 786 3156 possunt
803 3077 843 3135 de
860 3072 1083 3135 excommuni-

104 3169 1082 3266 cationeferendasententia.sequentihusautemoanonibus

106 3274 394 3337 excommunicatio
404 3275 478 3335 latae
491 3270 656 3335 sententia
667 3271 829 3350 infligitur.

144 3373 240 3435 Proh.
257 3377 288 3433 2.
305 3375 351 3433 Ex
363 3372 500 3435 concilio
511 3369 715 3448 Lugdunensi
728 3371 771 3431 II:
788 3368 953 3432 «Generali
965 3367 1084 3432 consti·

138 3486 170 3575 ll)
181 3514 205 3564 S.
220 3512 333 3576 Gregorii
345 3515 380 3564 M.
391 3513 474 3578 Epist.
486 3512 545 3564 tad
556 3509 669 3563 Salvr'oo.

139 3595 175 3661 lt)
186 3595 356 3644 Decretclium
370 3593 412 3643 lib.
425 3595 457 3655 ΙΙ,
475 3593 516 3644 tit.
528 3592 562 3642 de
575 3589 642 3643 Foro
652 3591 806 3658 competenti,
819 3605 874 3655 cap.
891 3588 1052 3654 Conquestio.
