2590 4262
193 237 248 284 ΞΗ
368 238 524 284 ΕΧΡο81Τ10
545 239 724 285 unrflolucs
744 237 827 284 Jnnls
848 237 1002 285 cenorum.

233 349 271 417 11.
297 355 348 416 Ad
365 365 476 437 tempus
499 357 673 418 executionis
697 357 781 436 quod
815 353 937 431 attinet,
967 355 1180 437 distinguitur

195 455 277 516 inter
291 471 398 516 causas
414 453 592 516 criminales
604 459 636 516 et
648 452 765 517 civiles.

234 553 270 616 In
284 553 386 612 causis
401 551 629 628 criminalibus,
642 554 692 614 lex
707 558 739 614 ct
756 551 935 612 humanitas
949 552 1124 630 postulant,
1141 555 1179 612 ut

197 649 250 728 qui
265 653 370 709 sontes
382 649 501 710 inventi
512 668 577 711 non
592 654 674 727 sunt,
690 647 778 712 ocibs
793 649 1000 710 absolvantur
1016 652 1046 708 et
1061 645 1178 710 dimit·

194 750 319 818 tantur3
335 745 384 806 lex
398 745 494 806 etiarn
507 751 538 807 et
550 747 714 826 publicum
730 747 912 824 exemplum
931 745 1059 823 exigunt
1073 748 1113 805 ut
1125 761 1181 805 oe-

194 841 251 904 leri
264 859 357 921 poena
368 841 400 902 in
411 860 480 904 reos
493 842 771 906 animadvertatur.
782 845 932 905 Attamen
942 840 1088 903 executio
1101 859 1180 902 con-

195 937 403 1000 demnatoriae
418 939 594 1016 sententiae,
609 941 635 1000 si
651 941 827 1020 prasertim
844 957 938 1020 poena
956 939 998 1000 sit
1015 937 1177 1018 capitalis,
1191 947 1193 950 ’

194 1035 348 1114 tantisper
365 1037 509 1098 differtur
524 1043 559 1100 nt
574 1037 657 1101 sonti
671 1041 761 1101 locus
776 1045 902 1102 maneat
915 1041 962 1102 vel
978 1056 1109 1118 posnam
1123 1038 1181 1097 de-

195 1132 346 1208 clinandi,
366 1136 413 1196 vel
437 1153 470 1196 se
490 1137 621 1214 parandi
646 1138 685 1198 ad
707 1138 803 1200 vitam
821 1137 997 1200 christiano
1011 1139 1074 1200 fine
1090 1137 1183 1198 clau-

195 1232 343 1293 dandam.

235 1330 271 1390 ln
290 1329 392 1390 causis
412 1346 486 1389 vero
507 1327 664 1404 civilibus,
687 1331 713 1390 si
728 1330 810 1393 actio
831 1331 872 1392 sit
894 1333 986 1392 realis
1000 1337 1033 1392 et
1045 1347 1095 1392 res
1109 1329 1182 1410 ipsa

196 1423 279 1486 tradi
293 1425 404 1503 possit,
419 1424 524 1486 statim
536 1426 721 1503 proceditur
733 1428 773 1487 ad
788 1429 1020 1490 executionem.
1032 1429 1067 1488 ln
1078 1427 1180 1490 actio·

196 1521 288 1584 nibus
299 1521 517 1601 personalibus
528 1527 559 1584 et
569 1523 694 1599 debitis,
706 1542 724 1585 a
730 1525 800 1603 jure
811 1527 1029 1586 conceduntur
1040 1529 1179 1603 quatuor

198 1636 322 1680 menses
343 1620 381 1680 ad
402 1620 601 1693 solvendum,
623 1621 682 1681 nisi
703 1621 801 1700 judex
825 1623 949 1683 duxerit
976 1640 1014 1682 ex
1037 1622 1179 1683 circum-

198 1703 319 1776 stantiis
335 1717 414 1777 illud
428 1722 554 1795 tempus
569 1716 751 1780 abbreviare
768 1720 817 1782 rel
832 1720 1014 1780 extendere.

237 1814 327 1874 Nunc
342 1814 401 1874 sori
416 1833 475 1876 usn
487 1819 653 1893 receptum
673 1821 729 1891 est,
747 1821 782 1894 nt
800 1817 847 1878 vel
866 1817 973 1878 statim
990 1820 1065 1896 post
1079 1814 1177 1876 emis-

198 1927 264 1972 sam
286 1913 488 1988 sententiam,
511 1913 559 1973 vel
582 1916 654 1990 post
674 1911 796 1991 aliquot
820 1913 897 1988 dies,
919 1915 967 1976 vel
987 1912 1085 1976 etiarn
1103 1916 1176 1991 post

199 2006 329 2086 longum
341 2015 465 2086 tempus
476 2007 606 2071 arbitrio
614 2009 732 2087 judicis
744 2009 953 2072 constitutum
967 2011 1172 2089 expediantur

201 2104 315 2166 littere
331 2107 577 2182 executoriales;
593 2123 726 2184 quarum
738 2107 768 2166 vi
782 2107 947 2170 inferiores
959 2106 1099 2169 ministri
1110 2120 1175 2166 sen-

201 2201 334 2264 tentiam
349 2208 554 2283 exequantur.

554 2427 774 2482 ARTIGULUS
793 2427 822 2481 11

517 2606 550 2644 DE
567 2606 695 2645 PROOESSU
713 2605 862 2646 cuninam.

241 2774 277 2834 ln
289 2770 372 2834 civili
386 2787 536 2849 processu
551 2769 748 2849 explanando
764 2770 862 2830 multa
876 2768 1036 2845 complexi
1054 2783 1167 2839 snmus,
1188 2783 1191 2792 ¹

203 2887 273 2949 quae
287 2869 382 2932 etiam
396 2870 435 2930 ad
448 2885 631 2948 processum
644 2866 842 2930 criminalem
854 2868 1026 2947 pertinent.
1039 2870 1125 2930 Nunc
1135 2881 1169 2927 ea
1278 2863 1279 2874 ¹

203 2985 431 3048 prosequemur
456 2985 526 3048 quaa
549 2967 645 3028 solius
668 2965 842 3028 criminalis
860 2984 1027 3046 processus
1048 2963 1171 3046 propria

204 3071 286 3128 sunt.

240 3213 255 3274 ἕ
277 3215 303 3265 1.
326 3213 365 3266 De
379 3213 471 3268 modis
482 3212 589 3284 quibus
604 3210 709 3266 delicta
723 3209 754 3265 in
762 3207 910 3281 judicium
923 3209 1108 3266 deseruntur.

240 3301 255 3362 ς
275 3301 302 3352 2.
326 3300 365 3355 lle
377 3301 511 3358 citatione
524 3307 563 3359 et·
583 3300 715 3358 examine
730 3313 861 3355 reorum.
