2590 4262
474 261 548 307 PARS
569 261 736 308 susumus,

466 490 489 537 2.
504 488 541 537 De
554 487 747 550 probationibus

152 669 180 730 1.
195 665 337 727 Probatio
352 666 383 726 in
396 685 499 746 penore
514 671 561 738 est
579 674 661 727 octus
670 665 836 748 judicialis,
852 685 909 747 quo
922 667 1093 748 cpudjcdt'·

105 783 173 825 cem
194 763 231 824 ab
249 772 345 824 actore
371 763 418 824 ccl
435 783 484 825 reo
504 763 542 846 fit
556 764 627 844 fides
644 764 718 844 sacti
728 764 817 826 dubii.
835 767 1011 826 Dicendum
1023 771 1090 828 est:

108 864 146 922 1⁰
173 860 270 942 qualis
293 861 334 922 sit
362 863 464 922 forma
487 861 762 940 probationis3·2⁰
782 861 852 940 quis
875 861 1033 942 obligetur
1052 863 1089 922 ad

108 959 336 1038 probandum3
370 961 401 1019 3⁰
426 959 589 1038 quodnam
616 958 656 1020 sit
683 959 845 1039 objectum
871 958 1088 1038 probationis}

108 1061 144 1120 4⁰
157 1059 331 1138 quotuplex
347 1057 387 1117 sit
401 1055 485 1116 illius
498 1055 619 1135 species
633 1061 664 1119 et
677 1058 815 1120 effectus.
881 1097 883 1101 -

153 1159 183 1216 l.
208 1154 319 1214 Forma
337 1152 516 1233 probationis
538 1153 682 1216 consistit
705 1153 738 1214 in
763 1153 912 1234 legitimis
936 1153 1091 1216 actibusa

104 1254 181 1332 jure
194 1252 234 1312 ad
256 1250 458 1336 probandum
474 1249 643 1329 requisitis.
668 1249 817 1313 Probatio
833 1253 869 1313 fit
884 1250 995 1330 judici,
1011 1270 1091 1329 prae·

110 1353 201 1412 sente
215 1347 405 1425 adversario,
423 1353 454 1410 et
468 1349 592 1410 notario
605 1348 658 1426 qui
670 1346 875 1426 probationes
888 1348 920 1409 in
937 1347 1091 1426 scripturn

110 1445 249 1526 redigat.
264 1445 364 1507 Debet
377 1463 444 1508 esse
457 1447 550 1520 clara,
567 1444 739 1507 conformis
752 1446 872 1520 libello,
890 1451 922 1508 et
935 1446 1089 1522 ordinata,

109 1545 159 1606 ita
172 1549 210 1606 ut
220 1547 307 1605 actor
323 1543 407 1622 prius
419 1543 535 1622 probet
549 1559 638 1605 suam
653 1541 874 1617 intentionem,
891 1541 1007 1604 deinde
1020 1561 1093 1606 reus

111 1639 148 1700 in
160 1639 225 1702 suis
247 1633 481 1719 exceptionibus
499 1639 656 1702 audiatur.
673 1639 797 1703 Institui
819 1640 914 1704 debet
933 1639 1016 1703 intra
1030 1647 1091 1702 ter-

110 1735 237 1820 minum
249 1755 267 1798 a
276 1736 385 1816 judice
397 1737 602 1817 assignatum.

150 1837 185 1898 Ξ.
205 1835 339 1898 Multum
352 1833 484 1897 interest
501 1835 534 1896 in
546 1833 710 1914 litigando
725 1834 790 1915 quis
802 1842 934 1895 teneatur
952 1833 1087 1914 probare.

109 1930 311 2011 Regulariter
354 1921 520 1994 asserentis
547 1938 594 1994 est
617 1930 773 2010 probare;
799 1931 873 1992 hinc
898 1930 972 2010 quia
1000 1935 1089 1994 actor
1172 1955 1173 1958 ¹

108 2031 300 2108 plerumque
320 2031 468 2113 affirmat,
489 2029 604 2092 actoris
623 2033 671 2090 cst
692 2028 839 2106 probare,
862 2029 955 2090 itaut
973 2045 1090 2090 eonon

108 2126 267 2206 probante
282 2144 355 2188 reus
370 2126 410 2189 sit
422 2127 642 2202 absolvendus,
658 2125 716 2188 etsi
729 2124 808 2186 nihil
823 2124 1016 2204 praestiterit.
1034 2129 1090 2188 Re·

107 2225 185 2304 gula
200 2224 360 2303 duplicem
375 2223 594 2303 exceptionem
616 2223 734 2285 habet:
757 2241 837 2285 onus
859 2221 1015 2302 probandi
1034 2241 1090 2285 reo

107 2321 279 2397 incumbit,
295 2322 321 2382 si
342 2340 413 2384 rcus
428 2320 547 2402 aliquid
570 2326 698 2398 asserat,
718 2322 766 2384 vel
782 2319 808 2382 si
821 2321 1028 2401 praesumptio
1037 2323 1088 2402 ju-

107 2418 153 2480 ris
168 2424 229 2482 stet
243 2438 301 2498 pro
314 2426 434 2482 actore.
496 2431 497 2434 ’
703 2501 705 2504 ¹

150 2519 179 2580 3.
201 2517 354 2598 objectum
364 2517 560 2598 probationis.
577 2515 757 2578 -Probari
772 2516 889 2579 debent
901 2535 950 2579 res
965 2518 1005 2577 ad
1016 2533 1088 2578 cau-

110 2607 179 2678 sam
197 2617 409 2695 pertinentes.
420 2631 495 2675 nam
510 2611 655 2694 rejicitur
669 2615 753 2693 quod
769 2613 847 2675 nihil
861 2611 1016 2675 momenti
1034 2612 1090 2672 ha-

106 2715 183 2789 bet;
207 2715 290 2774 lacta
312 2712 418 2788 dubia,
441 2729 506 2774 non
529 2729 602 2774 vero
618 2711 763 2786 notoria3
783 2729 849 2772 non
869 2729 906 2773 ea
927 2727 998 2788 quae
1009 2708 1089 2786 juris

107 2816 193 2887 sunt,
218 2811 337 2873 etenim
355 2809 458 2889 judici
480 2813 648 2890 perspecta
667 2813 837 2874 censentur
860 2805 921 2867 nisi
942 2804 1005 2867 sint
1018 2805 1090 2884 jura

108 2906 269 2988 specialia.

149 3009 179 3068 l.
194 3003 343 3066 Probatio
351 3003 511 3084 judicialis
525 3003 675 3065 dividitur
685 3001 717 3062 in
721 3001 841 3082 plenum
851 3005 882 3060 et
892 2997 1085 3078 semiplenam.
1158 3071 1167 3091 Ι
1220 3016 1223 3023 ’

105 3104 204 3163 Plena
226 3099 371 3180 probatio
389 3106 509 3164 tantam
522 3101 620 3161 fidem
638 3098 713 3161 tacit
724 3095 837 3176 judici,
851 3101 886 3157 ut
901 3093 1037 3156 sufficiat
1048 3097 1087 3157 ad

107 3197 305 3262 decisionem
322 3217 424 3261 causae
438 3219 445 3259 :
460 3218 489 3260 v.
505 3217 534 3278 g.
551 3194 708 3274 depositio
726 3193 853 3256 testium
875 3191 962 3255 omni
974 3210 1089 3272 excep·

105 3295 194 3360 tione
207 3298 377 3376 majorum.
390 3291 541 3357 Probatio
554 3293 728 3371 semiplena
743 3292 838 3352 fidem
849 3289 987 3370 aliquam
998 3291 1085 3366 facit,

104 3410 173 3454 non
186 3409 258 3455 earn
277 3400 386 3455 tamen
402 3409 473 3472 quae
492 3392 532 3453 ad
547 3389 636 3453 litem
650 3386 823 3452 finiendam
835 3385 990 3465 sufficiat3
1006 3407 1035 3449 v.
1054 3404 1083 3464 g.

107 3488 231 3554 dictum
245 3489 339 3552 unius
356 3489 457 3552 testie.

147 3588 287 3650 Effectus
313 3589 416 3666 plcnae
437 3586 634 3666 probationis
659 3591 717 3663 est,
734 3591 769 3650 ut
788 3586 887 3668 judex
909 3581 1085 3646 secundum
