<?xml version="1.0" encoding="UTF-8"?>
<!DOCTYPE html PUBLIC "-//W3C//DTD XHTML 1.0 Transitional//EN"
    "http://www.w3.org/TR/xhtml1/DTD/xhtml1-transitional.dtd">
<html xmlns="http://www.w3.org/1999/xhtml" xml:lang="en" lang="en">
 <head>
  <title>
</title>
<meta http-equiv="Content-Type" content="text/html;charset=utf-8" />
  <meta name='ocr-system' content='tesseract 3.04.00' />
  <meta name='ocr-capabilities' content='ocr_page ocr_carea ocr_par ocr_line ocrx_word'/>
</head>
<body>
  <div class='ocr_page' id='page_1' title='image "./expositiomethod01hugugoog_0266.png"; bbox 0 0 2590 4262; ppageno 0'>
   <div class='ocr_carea' id='block_1_1' title="bbox 449 311 1066 360">
    <p class='ocr_par' dir='ltr' id='par_1_1' title="bbox 449 311 1066 360">
     <span class='ocr_line' id='line_1_1' title="bbox 449 311 1066 360; baseline 0.008 -6"><span class='ocrx_word' id='word_1_1' title='bbox 449 311 523 356; x_wconf 73' lang='lat' dir='ltr'>rsus</span> <span class='ocrx_word' id='word_1_2' title='bbox 544 312 708 356; x_wconf 70' lang='lat' dir='ltr'>susumus,</span> <span class='ocrx_word' id='word_1_3' title='bbox 1011 313 1066 360; x_wconf 71' lang='grc'>259</span> 
     </span>
    </p>
   </div>
   <div class='ocr_carea' id='block_1_2' title="bbox 84 423 1073 2457">
    <p class='ocr_par' dir='ltr' id='par_1_2' title="bbox 84 423 1073 683">
     <span class='ocr_line' id='line_1_2' title="bbox 86 423 1073 504; baseline 0.007 -20"><span class='ocrx_word' id='word_1_4' title='bbox 86 423 235 499; x_wconf 90' lang='lat' dir='ltr'>nuntiati,</span> <span class='ocrx_word' id='word_1_5' title='bbox 262 423 293 486; x_wconf 87' lang='lat' dir='ltr'>et</span> <span class='ocrx_word' id='word_1_6' title='bbox 307 425 423 487; x_wconf 91' lang='lat' dir='ltr'>notorii</span> <span class='ocrx_word' id='word_1_7' title='bbox 446 443 649 504; x_wconf 82' lang='lat' dir='ltr'><strong>percussores</strong></span> <span class='ocrx_word' id='word_1_8' title='bbox 675 427 875 490; x_wconf 88' lang='lat' dir='ltr'>clericorum.</span> <span class='ocrx_word' id='word_1_9' title='bbox 891 431 937 490; x_wconf 91' lang='lat' dir='ltr'>lta</span> <span class='ocrx_word' id='word_1_10' title='bbox 960 428 1073 491; x_wconf 82' lang='lat' dir='ltr'><strong>statuit</strong></span> 
     </span>
     <span class='ocr_line' id='line_1_3' title="bbox 84 521 1068 603; baseline 0.006 -21"><span class='ocrx_word' id='word_1_11' title='bbox 84 521 137 598; x_wconf 87' lang='lat' dir='ltr'>jus</span> <span class='ocrx_word' id='word_1_12' title='bbox 161 538 332 584; x_wconf 89' lang='lat' dir='ltr'>commune</span> <span class='ocrx_word' id='word_1_13' title='bbox 347 523 523 600; x_wconf 87' lang='lat' dir='ltr'>antiquum,</span> <span class='ocrx_word' id='word_1_14' title='bbox 547 525 633 602; x_wconf 92' lang='lat' dir='ltr'>quod</span> <span class='ocrx_word' id='word_1_15' title='bbox 654 523 688 583; x_wconf 93' lang='lat' dir='ltr'>in</span> <span class='ocrx_word' id='word_1_16' title='bbox 702 524 763 585; x_wconf 94' lang='lat' dir='ltr'>hoc</span> <span class='ocrx_word' id='word_1_17' title='bbox 784 531 905 603; x_wconf 89' lang='lat' dir='ltr'>puncto</span> <span class='ocrx_word' id='word_1_18' title='bbox 927 527 1068 588; x_wconf 82' lang='lat' dir='ltr'>nonfuit</span> 
     </span>
     <span class='ocr_line' id='line_1_4' title="bbox 88 619 826 683; baseline 0.005 -5"><span class='ocrx_word' id='word_1_19' title='bbox 88 619 222 681; x_wconf 89' lang='lat' dir='ltr'>decreto</span> <span class='ocrx_word' id='word_1_20' title='bbox 233 619 362 681; x_wconf 91' lang='lat' dir='ltr'>concilii</span> <span class='ocrx_word' id='word_1_21' title='bbox 376 620 826 683; x_wconf 77' lang='lat' dir='ltr'>constantiensiscorrectum.</span> 
     </span>
    </p>

    <p class='ocr_par' dir='ltr' id='par_1_3' title="bbox 90 716 1069 888">
     <span class='ocr_line' id='line_1_5' title="bbox 130 716 1069 798; baseline 0.003 -21"><span class='ocrx_word' id='word_1_22' title='bbox 130 718 194 778; x_wconf 89' lang='lat' dir='ltr'>Ista</span> <span class='ocrx_word' id='word_1_23' title='bbox 213 716 461 778; x_wconf 81' lang='lat' dir='ltr'>communicatio</span> <span class='ocrx_word' id='word_1_24' title='bbox 475 718 662 796; x_wconf 83' lang='lat' dir='ltr'><strong>regulariter</strong></span> <span class='ocrx_word' id='word_1_25' title='bbox 675 737 739 781; x_wconf 91' lang='lat' dir='ltr'>nou</span> <span class='ocrx_word' id='word_1_26' title='bbox 762 720 888 782; x_wconf 85' lang='lat' dir='ltr'>excedit</span> <span class='ocrx_word' id='word_1_27' title='bbox 901 724 1069 798; x_wconf 88' lang='lat' dir='ltr'>peccatum</span> 
     </span>
     <span class='ocr_line' id='line_1_6' title="bbox 90 814 832 888; baseline 0.005 -14"><span class='ocrx_word' id='word_1_28' title='bbox 90 814 226 888; x_wconf 91' lang='lat' dir='ltr'>veniale,</span> <span class='ocrx_word' id='word_1_29' title='bbox 244 820 275 876; x_wconf 90' lang='lat' dir='ltr'>et</span> <span class='ocrx_word' id='word_1_30' title='bbox 288 815 447 876; x_wconf 87' lang='lat' dir='ltr'>minorem</span> <span class='ocrx_word' id='word_1_31' title='bbox 458 818 832 879; x_wconf 79' lang='lat' dir='ltr'>excommunicationem.</span> 
     </span>
    </p>

    <p class='ocr_par' dir='ltr' id='par_1_4' title="bbox 92 913 1070 1189">
     <span class='ocr_line' id='line_1_7' title="bbox 132 913 1070 993; baseline 0.001 -20"><span class='ocrx_word' id='word_1_32' title='bbox 132 917 174 974; x_wconf 89' lang='lat' dir='ltr'>At</span> <span class='ocrx_word' id='word_1_33' title='bbox 183 918 352 991; x_wconf 88' lang='lat' dir='ltr'>peccatum</span> <span class='ocrx_word' id='word_1_34' title='bbox 364 919 411 975; x_wconf 90' lang='lat' dir='ltr'>est</span> <span class='ocrx_word' id='word_1_35' title='bbox 421 915 554 976; x_wconf 92' lang='lat' dir='ltr'>mortale</span> <span class='ocrx_word' id='word_1_36' title='bbox 566 915 600 975; x_wconf 92' lang='lat' dir='ltr'>in</span> <span class='ocrx_word' id='word_1_37' title='bbox 611 913 734 976; x_wconf 80' lang='lat' dir='ltr'>casibus</span> <span class='ocrx_word' id='word_1_38' title='bbox 749 914 973 993; x_wconf 90' lang='lat' dir='ltr'>sequentibus:</span> <span class='ocrx_word' id='word_1_39' title='bbox 992 917 1019 975; x_wconf 90' lang='lat' dir='ltr'>l.</span> <span class='ocrx_word' id='word_1_40' title='bbox 1036 915 1070 978; x_wconf 91' lang='lat' dir='ltr'>Si</span> 
     </span>
     <span class='ocr_line' id='line_1_8' title="bbox 92 1010 1070 1092; baseline 0.005 -23"><span class='ocrx_word' id='word_1_41' title='bbox 92 1010 197 1070; x_wconf 87' lang='lat' dir='ltr'>fidelis</span> <span class='ocrx_word' id='word_1_42' title='bbox 211 1011 338 1089; x_wconf 89' lang='lat' dir='ltr'>publice</span> <span class='ocrx_word' id='word_1_43' title='bbox 349 1013 567 1074; x_wconf 89' lang='lat' dir='ltr'>communicet</span> <span class='ocrx_word' id='word_1_44' title='bbox 580 1013 613 1073; x_wconf 92' lang='lat' dir='ltr'>in</span> <span class='ocrx_word' id='word_1_45' title='bbox 625 1013 720 1074; x_wconf 92' lang='lat' dir='ltr'>rebus</span> <span class='ocrx_word' id='word_1_46' title='bbox 735 1012 862 1089; x_wconf 90' lang='lat' dir='ltr'>divinis;</span> <span class='ocrx_word' id='word_1_47' title='bbox 886 1013 960 1092; x_wconf 91' lang='lat' dir='ltr'>quia</span> <span class='ocrx_word' id='word_1_48' title='bbox 974 1013 1070 1075; x_wconf 90' lang='lat' dir='ltr'>violat</span> 
     </span>
     <span class='ocr_line' id='line_1_9' title="bbox 93 1109 668 1189; baseline 0.003 -20"><span class='ocrx_word' id='word_1_49' title='bbox 93 1114 291 1188; x_wconf 83' lang='lat' dir='ltr'>praeceptum</span> <span class='ocrx_word' id='word_1_50' title='bbox 310 1110 460 1171; x_wconf 68' lang='lat' dir='ltr'>Ecclesiae</span> <span class='ocrx_word' id='word_1_51' title='bbox 474 1109 508 1171; x_wconf 92' lang='lat' dir='ltr'>in</span> <span class='ocrx_word' id='word_1_52' title='bbox 524 1128 559 1171; x_wconf 91' lang='lat' dir='ltr'>re</span> <span class='ocrx_word' id='word_1_53' title='bbox 574 1110 668 1189; x_wconf 85' lang='lat' dir='ltr'>gravi.</span> 
     </span>
    </p>

    <p class='ocr_par' dir='ltr' id='par_1_5' title="bbox 94 1206 1071 1464">
     <span class='ocr_line' id='line_1_10' title="bbox 133 1206 1071 1284; baseline 0.004 -18"><span class='ocrx_word' id='word_1_54' title='bbox 133 1208 163 1266; x_wconf 70' lang='lat' dir='ltr'>E.</span> <span class='ocrx_word' id='word_1_55' title='bbox 182 1206 216 1267; x_wconf 85' lang='lat' dir='ltr'>si</span> <span class='ocrx_word' id='word_1_56' title='bbox 231 1207 448 1269; x_wconf 90' lang='lat' dir='ltr'>communicet</span> <span class='ocrx_word' id='word_1_57' title='bbox 462 1208 494 1267; x_wconf 90' lang='lat' dir='ltr'>in</span> <span class='ocrx_word' id='word_1_58' title='bbox 508 1207 629 1268; x_wconf 81' lang='lat' dir='ltr'>crimine</span> <span class='ocrx_word' id='word_1_59' title='bbox 651 1207 813 1283; x_wconf 80' lang='lat' dir='ltr'>criminoso,</span> <span class='ocrx_word' id='word_1_60' title='bbox 840 1208 873 1269; x_wconf 91' lang='lat' dir='ltr'>id</span> <span class='ocrx_word' id='word_1_61' title='bbox 889 1212 948 1284; x_wconf 88' lang='lat' dir='ltr'>est,</span> <span class='ocrx_word' id='word_1_62' title='bbox 964 1207 998 1267; x_wconf 92' lang='lat' dir='ltr'>in</span> <span class='ocrx_word' id='word_1_63' title='bbox 1013 1209 1071 1270; x_wconf 94' lang='lat' dir='ltr'>illo</span> 
     </span>
     <span class='ocr_line' id='line_1_11' title="bbox 94 1301 1070 1385; baseline 0.004 -23"><span class='ocrx_word' id='word_1_64' title='bbox 94 1301 241 1378; x_wconf 90' lang='lat' dir='ltr'>crimine,</span> <span class='ocrx_word' id='word_1_65' title='bbox 258 1303 300 1364; x_wconf 95' lang='lat' dir='ltr'>ob</span> <span class='ocrx_word' id='word_1_66' title='bbox 316 1305 400 1382; x_wconf 89' lang='lat' dir='ltr'>quod</span> <span class='ocrx_word' id='word_1_67' title='bbox 416 1306 498 1366; x_wconf 89' lang='lat' dir='ltr'>alter</span> <span class='ocrx_word' id='word_1_68' title='bbox 523 1306 815 1367; x_wconf 89' lang='lat' dir='ltr'>excommunicatus</span> <span class='ocrx_word' id='word_1_69' title='bbox 836 1310 894 1381; x_wconf 89' lang='lat' dir='ltr'>est,</span> <span class='ocrx_word' id='word_1_70' title='bbox 916 1305 1070 1385; x_wconf 89' lang='lat' dir='ltr'>majorem</span> 
     </span>
     <span class='ocr_line' id='line_1_12' title="bbox 96 1400 617 1464; baseline 0.008 -4"><span class='ocrx_word' id='word_1_71' title='bbox 96 1400 617 1464; x_wconf 88' lang='lat' dir='ltr'>excommunicationemincurrit.</span> 
     </span>
    </p>

    <p class='ocr_par' dir='ltr' id='par_1_6' title="bbox 94 1498 1071 1869">
     <span class='ocr_line' id='line_1_13' title="bbox 134 1498 1071 1576; baseline 0 -18"><span class='ocrx_word' id='word_1_72' title='bbox 134 1499 165 1558; x_wconf 90' lang='lat'>3.</span> <span class='ocrx_word' id='word_1_73' title='bbox 189 1498 223 1559; x_wconf 90' lang='lat' dir='ltr'>Si</span> <span class='ocrx_word' id='word_1_74' title='bbox 238 1499 307 1576; x_wconf 89' lang='lat' dir='ltr'>quis</span> <span class='ocrx_word' id='word_1_75' title='bbox 325 1516 342 1558; x_wconf 91' lang='lat' dir='ltr'>a</span> <span class='ocrx_word' id='word_1_76' title='bbox 356 1499 488 1561; x_wconf 89' lang='lat' dir='ltr'>Summo</span> <span class='ocrx_word' id='word_1_77' title='bbox 505 1500 658 1562; x_wconf 87' lang='lat' dir='ltr'>Pontifice</span> <span class='ocrx_word' id='word_1_78' title='bbox 672 1498 712 1560; x_wconf 93' lang='lat' dir='ltr'>sit</span> <span class='ocrx_word' id='word_1_79' title='bbox 728 1498 919 1560; x_wconf 88' lang='lat' dir='ltr'>nominatim</span> <span class='ocrx_word' id='word_1_80' title='bbox 941 1515 1071 1560; x_wconf 90' lang='lat' dir='ltr'>excom-</span> 
     </span>
     <span class='ocr_line' id='line_1_14' title="bbox 94 1593 1071 1675; baseline 0.002 -22"><span class='ocrx_word' id='word_1_81' title='bbox 94 1594 288 1668; x_wconf 88' lang='lat' dir='ltr'>municatus,</span> <span class='ocrx_word' id='word_1_82' title='bbox 304 1596 439 1657; x_wconf 84' lang='lat' dir='ltr'>clericus</span> <span class='ocrx_word' id='word_1_83' title='bbox 453 1613 527 1658; x_wconf 90' lang='lat' dir='ltr'>oum</span> <span class='ocrx_word' id='word_1_84' title='bbox 540 1615 579 1658; x_wconf 91' lang='lat' dir='ltr'>eo</span> <span class='ocrx_word' id='word_1_85' title='bbox 594 1601 706 1675; x_wconf 87' lang='lat' dir='ltr'>sponte</span> <span class='ocrx_word' id='word_1_86' title='bbox 721 1597 753 1656; x_wconf 91' lang='lat' dir='ltr'>in</span> <span class='ocrx_word' id='word_1_87' title='bbox 763 1597 876 1656; x_wconf 90' lang='lat' dir='ltr'>divinis</span> <span class='ocrx_word' id='word_1_88' title='bbox 893 1593 1071 1658; x_wconf 89' lang='lat' dir='ltr'>communi·</span> 
     </span>
     <span class='ocr_line' id='line_1_15' title="bbox 94 1693 1070 1772; baseline 0.001 -19"><span class='ocrx_word' id='word_1_89' title='bbox 94 1710 183 1768; x_wconf 89' lang='lat' dir='ltr'>cans,</span> <span class='ocrx_word' id='word_1_90' title='bbox 201 1698 316 1770; x_wconf 84' lang='lat' dir='ltr'>praeter</span> <span class='ocrx_word' id='word_1_91' title='bbox 333 1699 502 1770; x_wconf 91' lang='lat' dir='ltr'>peccatum</span> <span class='ocrx_word' id='word_1_92' title='bbox 528 1695 673 1770; x_wconf 80' lang='lat' dir='ltr'>mortale,</span> <span class='ocrx_word' id='word_1_93' title='bbox 693 1693 827 1755; x_wconf 89' lang='lat' dir='ltr'>incurrit</span> <span class='ocrx_word' id='word_1_94' title='bbox 845 1695 1000 1772; x_wconf 80' lang='lat' dir='ltr'>majorem</span> <span class='ocrx_word' id='word_1_95' title='bbox 1016 1709 1070 1755; x_wconf 89' lang='lat' dir='ltr'>ex-</span> 
     </span>
     <span class='ocr_line' id='line_1_16' title="bbox 95 1790 742 1869; baseline -0.002 -17"><span class='ocrx_word' id='word_1_96' title='bbox 95 1790 422 1852; x_wconf 85' lang='lat' dir='ltr'>communicationem</span> <span class='ocrx_word' id='word_1_97' title='bbox 432 1793 526 1869; x_wconf 84' lang='lat' dir='ltr'>Papae</span> <span class='ocrx_word' id='word_1_98' title='bbox 541 1795 742 1852; x_wconf 90' lang='lat' dir='ltr'>reservatam.</span> 
     </span>
    </p>

    <p class='ocr_par' dir='ltr' id='par_1_7' title="bbox 94 1887 1071 2164">
     <span class='ocr_line' id='line_1_17' title="bbox 132 1887 1071 1969; baseline 0 -21"><span class='ocrx_word' id='word_1_99' title='bbox 132 1891 162 1948; x_wconf 76' lang='lat'>4.</span> <span class='ocrx_word' id='word_1_100' title='bbox 180 1887 213 1950; x_wconf 90' lang='lat' dir='ltr'>Si</span> <span class='ocrx_word' id='word_1_101' title='bbox 238 1889 455 1951; x_wconf 90' lang='lat' dir='ltr'>communicet</span> <span class='ocrx_word' id='word_1_102' title='bbox 468 1888 583 1969; x_wconf 87' lang='lat' dir='ltr'>aliquis</span> <span class='ocrx_word' id='word_1_103' title='bbox 609 1907 683 1950; x_wconf 90' lang='lat' dir='ltr'>cum</span> <span class='ocrx_word' id='word_1_104' title='bbox 701 1889 976 1951; x_wconf 88' lang='lat' dir='ltr'>excommunicato</span> <span class='ocrx_word' id='word_1_105' title='bbox 998 1893 1071 1968; x_wconf 87' lang='lat' dir='ltr'>post</span> 
     </span>
     <span class='ocr_line' id='line_1_18' title="bbox 95 1985 1070 2065; baseline 0.001 -20"><span class='ocrx_word' id='word_1_106' title='bbox 95 1987 191 2046; x_wconf 91' lang='lat' dir='ltr'>latam</span> <span class='ocrx_word' id='word_1_107' title='bbox 217 1987 407 2048; x_wconf 87' lang='lat' dir='ltr'>seutentiam</span> <span class='ocrx_word' id='word_1_108' title='bbox 429 1991 540 2048; x_wconf 93' lang='lat' dir='ltr'>contra</span> <span class='ocrx_word' id='word_1_109' title='bbox 564 1986 801 2065; x_wconf 69' lang='lat' dir='ltr'>participantes</span> <span class='ocrx_word' id='word_1_110' title='bbox 829 1986 946 2065; x_wconf 86' lang='lat' dir='ltr'>praevia</span> <span class='ocrx_word' id='word_1_111' title='bbox 962 1985 1070 2048; x_wconf 91' lang='lat' dir='ltr'>moni-</span> 
     </span>
     <span class='ocr_line' id='line_1_19' title="bbox 94 2083 810 2164; baseline -0.001 -20"><span class='ocrx_word' id='word_1_112' title='bbox 94 2083 192 2159; x_wconf 86' lang='lat' dir='ltr'>tione,</span> <span class='ocrx_word' id='word_1_113' title='bbox 210 2084 326 2163; x_wconf 84' lang='lat' dir='ltr'>ligatur</span> <span class='ocrx_word' id='word_1_114' title='bbox 341 2084 671 2146; x_wconf 84' lang='lat' dir='ltr'>excommunicatione</span> <span class='ocrx_word' id='word_1_115' title='bbox 685 2085 810 2164; x_wconf 87' lang='lat' dir='ltr'>majori.</span> 
     </span>
    </p>

    <p class='ocr_par' dir='ltr' id='par_1_8' title="bbox 92 2179 1072 2457">
     <span class='ocr_line' id='line_1_20' title="bbox 133 2179 1072 2262; baseline 0 -20"><span class='ocrx_word' id='word_1_116' title='bbox 133 2183 172 2243; x_wconf 91' lang='lat' dir='ltr'>ll.</span> <span class='ocrx_word' id='word_1_117' title='bbox 184 2181 390 2262; x_wconf 76' lang='lat' dir='ltr'>Exceptzones.</span> <span class='ocrx_word' id='word_1_118' title='bbox 407 2215 448 2228; x_wconf 91' lang='lat'><em>-</em></span> <span class='ocrx_word' id='word_1_119' title='bbox 458 2184 528 2243; x_wconf 92' lang='lat' dir='ltr'>Nou</span> <span class='ocrx_word' id='word_1_120' title='bbox 538 2182 684 2243; x_wconf 86' lang='lat' dir='ltr'>obstante</span> <span class='ocrx_word' id='word_1_121' title='bbox 698 2183 806 2260; x_wconf 84' lang='lat' dir='ltr'>regula</span> <span class='ocrx_word' id='word_1_122' title='bbox 820 2179 969 2260; x_wconf 82' lang='lat' dir='ltr'>generali,</span> <span class='ocrx_word' id='word_1_123' title='bbox 986 2197 1072 2242; x_wconf 91' lang='lat' dir='ltr'>oom-</span> 
     </span>
     <span class='ocr_line' id='line_1_21' title="bbox 93 2278 1071 2358; baseline 0 -17"><span class='ocrx_word' id='word_1_124' title='bbox 93 2279 267 2341; x_wconf 89' lang='lat' dir='ltr'>munioatio</span> <span class='ocrx_word' id='word_1_125' title='bbox 299 2297 373 2340; x_wconf 91' lang='lat' dir='ltr'>cum</span> <span class='ocrx_word' id='word_1_126' title='bbox 406 2278 688 2341; x_wconf 88' lang='lat' dir='ltr'>excommunicatis</span> <span class='ocrx_word' id='word_1_127' title='bbox 714 2279 849 2340; x_wconf 85' lang='lat' dir='ltr'>vitandis</span> <span class='ocrx_word' id='word_1_128' title='bbox 880 2281 1071 2358; x_wconf 89' lang='lat' dir='ltr'>quandoque</span> 
     </span>
     <span class='ocr_line' id='line_1_22' title="bbox 92 2375 1070 2457; baseline -0.001 -19"><span class='ocrx_word' id='word_1_129' title='bbox 92 2375 182 2438; x_wconf 86' lang='lat' dir='ltr'>licita</span> <span class='ocrx_word' id='word_1_130' title='bbox 200 2381 256 2452; x_wconf 85' lang='lat' dir='ltr'>est,</span> <span class='ocrx_word' id='word_1_131' title='bbox 278 2376 483 2438; x_wconf 90' lang='lat' dir='ltr'>suadentibus</span> <span class='ocrx_word' id='word_1_132' title='bbox 504 2376 597 2457; x_wconf 88' lang='lat' dir='ltr'>justis</span> <span class='ocrx_word' id='word_1_133' title='bbox 610 2377 712 2439; x_wconf 90' lang='lat' dir='ltr'>causis</span> <span class='ocrx_word' id='word_1_134' title='bbox 737 2395 808 2456; x_wconf 89' lang='lat' dir='ltr'>quae</span> <span class='ocrx_word' id='word_1_135' title='bbox 833 2379 894 2440; x_wconf 88' lang='lat' dir='ltr'>hoc</span> <span class='ocrx_word' id='word_1_136' title='bbox 915 2377 1070 2440; x_wconf 86' lang='lat' dir='ltr'>versiculo</span> 
     </span>
    </p>
   </div>
   <div class='ocr_carea' id='block_1_3' title="bbox 94 2474 535 2586">
    <p class='ocr_par' dir='ltr' id='par_1_9' title="bbox 94 2474 535 2586">
     <span class='ocr_line' id='line_1_23' title="bbox 94 2474 535 2586; baseline -0.005 -50"><span class='ocrx_word' id='word_1_137' title='bbox 94 2474 336 2553; x_wconf 86' lang='lat' dir='ltr'>exprimuntur:</span> <span class='ocrx_word' id='word_1_138' title='bbox 420 2511 422 2515; x_wconf 66' lang='lat'>,</span> <span class='ocrx_word' id='word_1_139' title='bbox 523 2556 535 2586; x_wconf 34' lang='grc' dir='ltr'><strong>ᾳ</strong></span> 
     </span>
    </p>
   </div>
   <div class='ocr_carea' id='block_1_4' title="bbox 301 2631 880 2697">
    <p class='ocr_par' dir='ltr' id='par_1_10' title="bbox 301 2631 880 2697">
     <span class='ocr_line' id='line_1_24' title="bbox 301 2631 880 2697; baseline 0.005 -19"><span class='ocrx_word' id='word_1_140' title='bbox 301 2631 375 2693; x_wconf 82' lang='lat' dir='ltr'>Utile,</span> <span class='ocrx_word' id='word_1_141' title='bbox 392 2631 443 2694; x_wconf 79' lang='lat' dir='ltr'>lec,</span> <span class='ocrx_word' id='word_1_142' title='bbox 461 2631 563 2696; x_wconf 74' lang='lat' dir='ltr'>humile,</span> <span class='ocrx_word' id='word_1_143' title='bbox 578 2646 620 2682; x_wconf 79' lang='lat' dir='ltr'>res</span> <span class='ocrx_word' id='word_1_144' title='bbox 634 2631 761 2697; x_wconf 57' lang='lat' dir='ltr'>abnuente,</span> <span class='ocrx_word' id='word_1_145' title='bbox 778 2647 880 2682; x_wconf 83' lang='lat' dir='ltr'>neccsse.</span> 
     </span>
    </p>
   </div>
   <div class='ocr_carea' id='block_1_5' title="bbox 93 2768 1073 3728">
    <p class='ocr_par' dir='ltr' id='par_1_11' title="bbox 94 2768 1068 2951">
     <span class='ocr_line' id='line_1_25' title="bbox 132 2768 1068 2854; baseline -0.007 -18"><span class='ocrx_word' id='word_1_146' title='bbox 132 2780 163 2836; x_wconf 90' lang='lat' dir='ltr'>t.</span> <span class='ocrx_word' id='word_1_147' title='bbox 180 2774 319 2834; x_wconf 82' lang='lat' dir='ltr'>Excusat</span> <span class='ocrx_word' id='word_1_148' title='bbox 337 2773 456 2834; x_wconf 78' lang='lat' dir='ltr'>utititas</span> <span class='ocrx_word' id='word_1_149' title='bbox 476 2779 541 2836; x_wconf 90' lang='lat' dir='ltr'>tam</span> <span class='ocrx_word' id='word_1_150' title='bbox 555 2773 740 2854; x_wconf 86' lang='lat' dir='ltr'>spiritualis,</span> <span class='ocrx_word' id='word_1_151' title='bbox 759 2789 855 2852; x_wconf 89' lang='lat' dir='ltr'>quam</span> <span class='ocrx_word' id='word_1_152' title='bbox 879 2768 1068 2846; x_wconf 84' lang='lat' dir='ltr'>corporalis;</span> 
     </span>
     <span class='ocr_line' id='line_1_26' title="bbox 94 2866 1029 2951; baseline -0.006 -21"><span class='ocrx_word' id='word_1_153' title='bbox 94 2884 121 2934; x_wconf 87' lang='lat' dir='ltr'>v.</span> <span class='ocrx_word' id='word_1_154' title='bbox 137 2889 167 2951; x_wconf 85' lang='lat' dir='ltr'>g.</span> <span class='ocrx_word' id='word_1_155' title='bbox 183 2869 258 2932; x_wconf 91' lang='lat' dir='ltr'>ticet</span> <span class='ocrx_word' id='word_1_156' title='bbox 269 2871 417 2932; x_wconf 89' lang='lat' dir='ltr'>salutaria</span> <span class='ocrx_word' id='word_1_157' title='bbox 430 2873 550 2934; x_wconf 90' lang='lat' dir='ltr'>monita</span> <span class='ocrx_word' id='word_1_158' title='bbox 566 2874 651 2949; x_wconf 91' lang='lat' dir='ltr'>dare,</span> <span class='ocrx_word' id='word_1_159' title='bbox 668 2873 903 2948; x_wconf 90' lang='lat' dir='ltr'>eleemosynam</span> <span class='ocrx_word' id='word_1_160' title='bbox 913 2866 1029 2925; x_wconf 87' lang='lat' dir='ltr'>facere.</span> 
     </span>
    </p>

    <p class='ocr_par' dir='ltr' id='par_1_12' title="bbox 93 2961 1073 3322">
     <span class='ocr_line' id='line_1_27' title="bbox 132 2961 1072 3044; baseline -0.007 -16"><span class='ocrx_word' id='word_1_161' title='bbox 132 2972 163 3028; x_wconf 65' lang='grc' dir='ltr'>Ξ.</span> <span class='ocrx_word' id='word_1_162' title='bbox 178 2969 314 3029; x_wconf 75' lang='lat' dir='ltr'>Excusat</span> <span class='ocrx_word' id='word_1_163' title='bbox 328 2968 376 3028; x_wconf 78' lang='lat' dir='ltr'>teu</span> <span class='ocrx_word' id='word_1_164' title='bbox 388 2985 444 3029; x_wconf 89' lang='lat' dir='ltr'>seu</span> <span class='ocrx_word' id='word_1_165' title='bbox 455 2968 607 3044; x_wconf 83' lang='lat' dir='ltr'>obligatio</span> <span class='ocrx_word' id='word_1_166' title='bbox 620 2964 872 3028; x_wconf 89' lang='lat' dir='ltr'>matrimonialis.</span> <span class='ocrx_word' id='word_1_167' title='bbox 884 2961 981 3024; x_wconf 89' lang='lat' dir='ltr'>Uxori</span> <span class='ocrx_word' id='word_1_168' title='bbox 996 2978 1072 3022; x_wconf 91' lang='lat' dir='ltr'>oon·</span> 
     </span>
     <span class='ocr_line' id='line_1_28' title="bbox 94 3062 1073 3128; baseline -0.009 -2"><span class='ocrx_word' id='word_1_169' title='bbox 94 3066 221 3128; x_wconf 90' lang='lat' dir='ltr'>ceditur</span> <span class='ocrx_word' id='word_1_170' title='bbox 235 3067 368 3126; x_wconf 82' lang='lat' dir='ltr'>facultas</span> <span class='ocrx_word' id='word_1_171' title='bbox 392 3065 651 3126; x_wconf 89' lang='lat' dir='ltr'>communicandi</span> <span class='ocrx_word' id='word_1_172' title='bbox 670 3081 743 3125; x_wconf 91' lang='lat' dir='ltr'>cum</span> <span class='ocrx_word' id='word_1_173' title='bbox 762 3062 874 3122; x_wconf 89' lang='lat' dir='ltr'>marito</span> <span class='ocrx_word' id='word_1_174' title='bbox 890 3074 1073 3122; x_wconf 89' lang='lat' dir='ltr'>excommu-</span> 
     </span>
     <span class='ocr_line' id='line_1_29' title="bbox 93 3161 1072 3238; baseline -0.009 -14"><span class='ocrx_word' id='word_1_175' title='bbox 93 3164 217 3236; x_wconf 84' lang='lat' dir='ltr'>nicat03</span> <span class='ocrx_word' id='word_1_176' title='bbox 230 3163 318 3223; x_wconf 87' lang='lat' dir='ltr'>idem</span> <span class='ocrx_word' id='word_1_177' title='bbox 334 3162 507 3224; x_wconf 89' lang='lat' dir='ltr'>dicendum</span> <span class='ocrx_word' id='word_1_178' title='bbox 522 3162 562 3222; x_wconf 90' lang='lat' dir='ltr'>do</span> <span class='ocrx_word' id='word_1_179' title='bbox 584 3161 699 3222; x_wconf 89' lang='lat' dir='ltr'>marito</span> <span class='ocrx_word' id='word_1_180' title='bbox 715 3177 787 3238; x_wconf 82' lang='lat' dir='ltr'>erga</span> <span class='ocrx_word' id='word_1_181' title='bbox 798 3174 929 3219; x_wconf 91' lang='lat' dir='ltr'>uxorem</span> <span class='ocrx_word' id='word_1_182' title='bbox 945 3172 1072 3217; x_wconf 87' lang='lat' dir='ltr'>excom-</span> 
     </span>
     <span class='ocr_line' id='line_1_30' title="bbox 94 3262 301 3322; baseline -0.01 0"><span class='ocrx_word' id='word_1_183' title='bbox 94 3262 301 3322; x_wconf 90' lang='lat' dir='ltr'>municatam.</span> 
     </span>
    </p>

    <p class='ocr_par' dir='ltr' id='par_1_13' title="bbox 93 3351 1071 3631">
     <span class='ocr_line' id='line_1_31' title="bbox 132 3351 1071 3432; baseline -0.01 -12"><span class='ocrx_word' id='word_1_184' title='bbox 132 3363 162 3420; x_wconf 90' lang='grc'>3.</span> <span class='ocrx_word' id='word_1_185' title='bbox 178 3361 315 3420; x_wconf 80' lang='lat' dir='ltr'>Excusat</span> <span class='ocrx_word' id='word_1_186' title='bbox 334 3356 452 3430; x_wconf 76' lang='lat' dir='ltr'>homile,</span> <span class='ocrx_word' id='word_1_187' title='bbox 474 3374 530 3418; x_wconf 92' lang='lat' dir='ltr'>seu</span> <span class='ocrx_word' id='word_1_188' title='bbox 549 3355 713 3416; x_wconf 88' lang='lat' dir='ltr'>humilitas</span> <span class='ocrx_word' id='word_1_189' title='bbox 738 3351 966 3432; x_wconf 84' lang='lat' dir='ltr'>subjectionis:</span> <span class='ocrx_word' id='word_1_190' title='bbox 986 3351 1071 3412; x_wconf 89' lang='lat' dir='ltr'>filius</span> 
     </span>
     <span class='ocr_line' id='line_1_32' title="bbox 95 3448 1061 3534; baseline -0.013 -15"><span class='ocrx_word' id='word_1_191' title='bbox 95 3460 279 3534; x_wconf 84' lang='lat' dir='ltr'>compatre,</span> <span class='ocrx_word' id='word_1_192' title='bbox 297 3473 403 3516; x_wconf 90' lang='lat' dir='ltr'>servus</span> <span class='ocrx_word' id='word_1_193' title='bbox 414 3471 489 3516; x_wconf 92' lang='lat' dir='ltr'>cum</span> <span class='ocrx_word' id='word_1_194' title='bbox 504 3453 645 3526; x_wconf 89' lang='lat' dir='ltr'>domino,</span> <span class='ocrx_word' id='word_1_195' title='bbox 661 3449 751 3512; x_wconf 88' lang='lat' dir='ltr'>miles</span> <span class='ocrx_word' id='word_1_196' title='bbox 762 3453 937 3526; x_wconf 69' lang='lat' dir='ltr'>cumdum,</span> <span class='ocrx_word' id='word_1_197' title='bbox 954 3448 1061 3511; x_wconf 84' lang='lat' dir='ltr'>subdit.</span> 
     </span>
     <span class='ocr_line' id='line_1_33' title="bbox 93 3549 970 3631; baseline -0.008 -17"><span class='ocrx_word' id='word_1_198' title='bbox 93 3553 269 3631; x_wconf 82' lang='lat' dir='ltr'>generatim</span> <span class='ocrx_word' id='word_1_199' title='bbox 280 3570 354 3614; x_wconf 90' lang='lat' dir='ltr'>oum</span> <span class='ocrx_word' id='word_1_200' title='bbox 370 3551 588 3630; x_wconf 92' lang='lat' dir='ltr'>superioribus</span> <span class='ocrx_word' id='word_1_201' title='bbox 603 3549 841 3612; x_wconf 89' lang='lat' dir='ltr'>communicare</span> <span class='ocrx_word' id='word_1_202' title='bbox 855 3551 970 3610; x_wconf 89' lang='lat' dir='ltr'>valent.</span> 
     </span>
    </p>

    <p class='ocr_par' dir='ltr' id='par_1_14' title="bbox 133 3645 1073 3728">
     <span class='ocr_line' id='line_1_34' title="bbox 133 3645 1073 3728; baseline -0.013 -16"><span class='ocrx_word' id='word_1_203' title='bbox 133 3652 254 3712; x_wconf 89' lang='lat' dir='ltr'>Eadem</span> <span class='ocrx_word' id='word_1_204' title='bbox 267 3651 398 3713; x_wconf 90' lang='lat' dir='ltr'>facultas</span> <span class='ocrx_word' id='word_1_205' title='bbox 411 3651 449 3710; x_wconf 96' lang='lat' dir='ltr'>ad</span> <span class='ocrx_word' id='word_1_206' title='bbox 465 3653 624 3728; x_wconf 88' lang='lat' dir='ltr'>parentes,</span> <span class='ocrx_word' id='word_1_207' title='bbox 650 3648 808 3724; x_wconf 89' lang='lat' dir='ltr'>dominos,</span> <span class='ocrx_word' id='word_1_208' title='bbox 824 3645 1003 3726; x_wconf 88' lang='lat' dir='ltr'>superiores</span> <span class='ocrx_word' id='word_1_209' title='bbox 1017 3658 1073 3702; x_wconf 91' lang='lat' dir='ltr'>ex-</span> 
     </span>
    </p>
   </div>
   <div class='ocr_carea' id='block_1_6' title="bbox 0 0 1307 4262">
    <p class='ocr_par' dir='ltr' id='par_1_15' title="bbox 0 0 1307 4262">
     <span class='ocr_line' id='line_1_35' title="bbox 0 0 1307 4262; baseline 0 0"><span class='ocrx_word' id='word_1_210' title='bbox 0 0 1307 4262; x_wconf 95' lang='lat' dir='ltr'> </span> 
     </span>
    </p>
   </div>
  </div>
 </body>
</html>
