2618 4252
213 255 263 304 ³⁴⁰
376 253 533 300 nxrosmo
555 253 732 298 urruonlct
751 251 835 298 touls
856 248 1010 296 canotum.

248 377 279 434 2.
302 371 437 435 Romani
454 371 625 434 Pontifices
644 373 808 448 nequeunt
830 367 863 427 id
885 366 1072 441 concedere,
1097 365 1190 444 quod

208 475 330 533 naturae
344 471 501 532 Primatus
521 474 554 530 et
571 468 679 530 officio
699 465 849 548 pascendi
867 481 941 526 oves
959 462 1073 525 Christi
1088 481 1190 541 repu-

209 575 295 647 gnet.
311 569 402 631 Unde
415 566 529 629 merito
546 568 577 629 S.
595 566 668 627 Pius
683 568 710 629 V
723 563 859 643 negavit,
875 579 908 623 se
922 579 1016 641 posse
1031 559 1190 637 Principi-

208 665 267 726 bus
283 666 460 726 concedere
475 668 631 743 peupetuo
645 664 828 724 facultatem
842 658 1032 720 admittendi
1046 659 1095 718 vel
1110 657 1187 735 reji-

209 759 315 822 ciendi
341 761 585 822 constitutiones
612 759 800 838 apostolicas
829 757 925 818 etiam
952 753 1186 832 disciplinares,

209 876 304 938 quam
330 858 510 919 facultatem
538 857 649 918 dicunt
675 855 824 917 Placitum
848 853 977 933 reptem,
1003 851 1189 930 praesertim

202 957 233 1040 „si
250 955 408 1034 ejusmodi
422 954 587 1016 concessio
602 958 728 1034 petatur
739 952 807 1014 sine
821 949 1068 1024 conditionibus,
1083 964 1190 1025 eoque

209 1054 308 1130 magis
320 1053 346 1114 si
357 1059 483 1133 petatur
493 1055 577 1114 velut
581 1053 636 1133 jus
645 1070 759 1112 coronoe
769 1051 858 1131 repioe
868 1048 1004 1110 debitum.
1017 1048 1109 1108 Ratio
1126 1051 1186 1119 est,

206 1148 280 1228 quia
291 1151 358 1211 sine
371 1150 445 1210 fidei
460 1149 629 1228 dispendio
640 1166 706 1210 non
714 1153 821 1227 posset
834 1144 990 1226 ejusmodi
1004 1161 1091 1206 error
1103 1159 1191 1222 pon-

208 1245 306 1308 tificia
322 1247 526 1309 concessione
542 1246 735 1307 confirmari.

378 1456 393 1520 ς
413 1456 437 1508 2.
452 1483 480 1494 -·-
500 1455 537 1508 lte
559 1455 704 1509 attactibus
724 1455 1018 1518 concordatcrumlll.

244 1626 267 1688 1.
288 1623 470 1687 Concordoto
483 1625 659 1706 repuleritcr
674 1625 772 1706 pactis
787 1623 1036 1706 synallapmoticis
1055 1641 1113 1681 non
1132 1640 1186 1681 oc-

201 1732 363 1784 cententur.
382 1723 473 1784 Ratio
489 1729 547 1795 cst,
568 1724 630 1785 sive
644 1722 718 1801 quia
731 1723 764 1782 in
779 1722 979 1786 concordatis
994 1719 1188 1799 regulariter

202 1822 307 1902 agitur
321 1822 468 1883 derebus
482 1822 522 1881 ad
534 1817 708 1906 Ecclesiam
721 1817 962 1897 pertinentibus,
977 1817 1092 1896 quibus
1106 1815 1185 1894 qui·
1225 1801 1231 1808 ⁵

202 1919 276 1979 dem
296 1918 329 1978 in
343 1918 437 1980 rebus
453 1915 587 1978 societas
603 1914 701 1977 civilis
719 1915 845 1977 subdita
864 1921 911 1976 est
928 1911 1095 1987 Ecclesiae3
1113 1913 1184 1973 sive

201 2015 275 2094 quia
290 2019 420 2092 pactum
436 2013 598 2076 bilaterale
613 2019 758 2076 mutuam
768 2011 996 2091 paciscentium
1007 2010 1186 2088 *obligatior-

200 2128 274 2172 nem
293 2110 428 2183 inducit,
450 2111 527 2171 dum
547 2112 579 2171 iu
597 2110 798 2172 concordatis
819 2109 981 2187 principes
1001 2108 1080 2168 nihil
1097 2108 1183 2186 juris

200 2205 351 2270 neclesiae
365 2208 544 2270 conferunt.
559 2208 684 2270 Etenim
699 2207 849 2268 Ecclesia
863 2206 991 2272 libertas
1005 2207 1053 2269 vel
1069 2205 1183 2274 delen-

200 2305 259 2379 sio,
278 2321 373 2382 quam
389 2306 549 2384 principes
568 2308 738 2384 spondent,
754 2305 859 2367 officia
874 2305 997 2368 suntad
1013 2323 1083 2382 quae
1100 2305 1183 2365 divi-

200 2419 242 2464 no
250 2402 322 2482 jure
335 2407 494 2464 tenentur.
936 2431 938 2435 ·

239 2501 276 2561 Il.
304 2502 453 2561 Attamen
477 2499 669 2560 concordata
693 2503 838 2560 mutuam
861 2498 989 2576 pariunt
1003 2495 1181 2576 :obligatio-

199 2613 284 2673 nem,
300 2610 417 2676 nempe
436 2595 579 2656 officium
601 2601 639 2656 ea
659 2593 805 2656 servandi
822 2595 1176 2673 quimpromissa-suut.

197 2696 276 2755 Nam
291 2695 512 2757 contrahentes
527 2693 713 2754 solemniter
728 2709 817 2753 suam
831 2693 927 2754 fidem
940 2691 1091 2770 obligant.

235 2792 309 2852 Pius
324 2793 366 2853 IX
388 2790 549 2853 damnavit
562 2790 656 2853 istam
676 2789 929 2870 propositionem
951 2809 959 2851 :
985 2810 999 2846 u
1013 2790 1108 2852 Laica
1121 2808 1180 2868 po·

196 2895 290 2951 testas
302 2889 525 2951 auctoritatem
539 2888 636 2950 habet
651 2887 864 2960 rescindendi,
883 2887 1065 2949 declarandi
1077 2904 1116 2948 ae
1130 2888 1179 2947 fa-

195 2984 300 3047 ciendi
320 2986 425 3048 irritas
440 2988 597 3048 solemnes
616 2985 842 3046 conventiones
857 2985 962 3065 (vulgo
978 2983 1177 3066 Concordem)

194 3099 268 3144 eum
280 3084 362 3144 Sede
377 3083 560 3164 Apostolica
574 3081 680 3159 initas,
694 3081 761 3142 sine
774 3082 867 3161 hujus
883 3099 1051 3158 consensu,
1066 3083 1133 3144 imo
1144 3088 1178 3144 ct

193 3195 230 3239 ca
245 3181 437 3242 reclamante
450 3179 538 3260 (9).»
588 3225 589 3228 ,
864 3257 867 3260 Δ
972 3238 974 3240 ,

233 3276 284 3336 lll.
307 3278 540 3339 concordatum
559 3281 606 3339 est
627 3276 721 3337 simul
741 3275 790 3336 les
806 3275 994 3337 ecclesiastico
1013 3284 1043 3336 et
1059 3276 1174 3339 civitas:

222 3421 254 3480 (1)
275 3412 471 3484 A‘udisio,]u1·ts
487 3425 586 3472 natrcroe
599 3423 623 3470 et
636 3422 748 3485 pestium
764 3421 940 3482 fundamenta,
955 3423 1002 3472 lit.
1026 3424 1048 3484 l,
1061 3422 1102 3474 tit.
1120 3436 1168 3475 ιιι.

221 3500 256 3562 (2)
279 3499 314 3548 lli
333 3501 368 3550 lx
401 3501 519 3565 syllabus
557 3502 727 3562 complectens·
749 3501 887 3562 praecipuos
910 3505 1001 3552 nostrae
1029 3503 1113 3552 aetsttis
1134 3516 1170 3552 er

190 3589 268 3642 rores,
283 3581 323 3630 tat
