2590 4262
241 295 293 342 220
413 291 569 336 nxroslnto
591 289 769 335 Manflonlca
790 291 873 336 tulus
896 288 1054 336 canoalcl.

244 425 367 472 cessum
395 411 614 486 prosequatur,
639 406 716 465 dum
746 406 917 484 appellatio
945 407 983 467 tit
1011 406 1052 466 ad
1081 404 1207 486 judicem

243 507 439 586 superiorem
454 510 489 566 ut
504 503 660 565 sententia
675 503 860 583 corrigatur.

283 607 312 666 3.
327 605 473 665 Recursus
487 620 543 663 seu
555 600 726 680 appellatio
741 601 986 680 extraJudicialis
1003 605 1053 662 est
1067 607 1149 664 actus
1160 619 1208 681 per

244 719 340 781 quem
355 700 510 774 subditus
527 701 620 762 laesus
641 697 931 776 extrajudicialiter,
952 699 1095 762 recurrit
1110 699 1145 760 ad
1161 717 1205 759 su-

140 862 145 872 ,
245 799 415 880 perierem.
434 801 589 859 Recursus
604 814 669 857 non
683 797 834 875 supponit
845 796 1000 876 praevium
1011 795 1176 875 judicium.

286 895 490 977 l.Appellotio
497 893 650 976 judicialis
660 899 707 954 est
717 892 843 973 ojadae
856 893 997 974 inferiore
1006 893 1049 954 od
1055 893 1210 974 superiorem

246 995 325 1075 (octa
342 992 522 1074 prouocatio,
549 999 582 1051 ut
609 991 670 1050 lota
693 991 832 1051 sententio
853 1001 1017 1054 revocetur.
1040 991 1209 1071 Hujusmodi

246 1090 418 1170 appellatio
434 1090 561 1168 proprie
575 1089 660 1150 dicta
673 1094 720 1150 est
731 1088 852 1167 species
866 1092 1017 1169 quaedam
1034 1089 1209 1152 defensionis

247 1209 264 1252 a
278 1189 457 1269 gravamine
472 1205 529 1265 per
539 1184 688 1264 injustam
699 1185 886 1247 sententiam
905 1187 1005 1249 illato.
1022 1189 1095 1266 Ipsa
1112 1205 1209 1265 suppo-

247 1286 294 1348 nit
313 1285 490 1366 judicium,
516 1299 590 1343 cum
612 1282 833 1360 interponatur
858 1286 1007 1347 adversus
1036 1284 1208 1347 sententian

245 1384 362 1463 judicis
376 1377 548 1443 inferioris.

287 1484 326 1544 ΙΙ.
352 1480 440 1558 Origo
454 1485 482 1537 et
493 1475 599 1556 speca'es
611 1477 812 1556 appellationis
818 1477 985 1558 judicialis.

292 1583 320 1639 l.
344 1577 391 1638 Ob
406 1574 567 1655 triplicem
587 1592 714 1637 causam
733 1574 910 1637 remedium
927 1575 1146 1656 appellationis
1164 1576 1208 1636 tuit

249 1675 478 1748 introductum,
500 1675 548 1734 vel
570 1678 604 1733 ut
626 1677 825 1734 removeatur
849 1691 1023 1750 gravamen
1037 1674 1144 1754 inique
1165 1693 1209 1752 ope

251 1768 365 1850 pressis
387 1767 520 1844 illatum,
542 1769 588 1831 vel
602 1774 638 1830 ut
651 1770 865 1849 judicantium
882 1770 1034 1850 iniquitas
1056 1780 1109 1834 aut
1127 1770 1209 1848 impe·

253 1866 323 1929 ritia
342 1867 529 1944 corrigatur,
551 1868 599 1928 vel
617 1873 653 1928 ut
669 1866 820 1946 litigator,
844 1867 955 1947 quiex
975 1869 1151 1950 ignorantia
1169 1874 1209 1929 aut

253 1963 446 2046 negligentia
455 1966 507 2045 jus
522 1983 614 2026 suum
636 1967 786 2027 nonsatis
802 1967 958 2045 probavit,
977 1974 1009 2030 et
1026 1968 1072 2031 sic
1084 1987 1140 2046 per
1151 1985 1208 2028 sen·

253 2064 385 2126 tentiam
400 2063 512 2142 primae
527 2053 685 2125 instantiae
698 2065 790 2126 laesus
807 2070 864 2141 est,
879 2065 913 2125 in
930 2069 1070 2128 secunda
1083 2064 1208 2128 instantia

254 2161 415 2223 delectum
429 2177 575 2239 reparare
589 2159 701 2239 possit.

294 2261 490 2341 Appellatio,
517 2265 671 2339 quatenus
701 2264 748 2321 est
775 2259 967 2323 innocentiae
991 2261 1208 2342 praesidium,a

159 2378 162 2384 ·
251 2362 322 2440 jure
339 2358 475 2419 naturali
496 2357 584 2418 ducit
603 2355 757 2436 originem
780 2359 1130 2435 quoad-substantiam
1146 2356 1208 2438 juris

255 2474 328 2519 vero
343 2452 471 2533 positivi
485 2459 559 2514 sunt
571 2456 689 2533 regulae
702 2452 817 2532 quibus
831 2457 1009 2535 subjicitur.

294 2559 323 2617 2.
347 2551 441 2614 Vorioe
455 2559 522 2611 sunt
535 2551 613 2611 illins
627 2552 731 2632 species
744 2554 865 2614 ratione
879 2556 927 2615 vel
940 2555 1209 2619 sententia-contra

256 2669 351 2732 quarn
372 2645 598 2727 interponitur,
619 2650 668 2710 vel
688 2649 858 2711 effectuum
877 2649 987 2730 ipsius,
1010 2656 1060 2715 vel
1075 2651 1209 2714 rationum

256 2749 371 2829 quibus
385 2745 543 2808 innititur.

297 2846 387 2910 Sicut
407 2845 506 2906 fertur
526 2841 680 2904 sententia
702 2843 920 2905 interlocutorio
940 2848 988 2908 vel
1005 2845 1156 2930 definitivo,
1172 2839 1209 2900 ita

257 2943 461 3023 distinguitur
474 2941 644 3022 appellatio
662 2941 700 3002 ab
716 2942 867 3003 alterutra
879 2943 1045 3008 sententia.
1059 2947 1102 3008 Ex
1114 2935 1208 3003 Conci·

258 3039 301 3101 lio
310 3039 535 3118 Tridentinae
547 3039 701 3102 sententia
714 3040 951 3103 interlocutoria
960 3061 1026 3105 non
1039 3041 1206 3124 appelletur,

258 3134 318 3195 nisi
339 3155 507 3216 gravamen
522 3156 578 3218 per
597 3139 876 3219 appellationema
898 3141 1054 3203 sententia
1074 3132 1207 3202 definitiva

259 3235 397 3310 reparari
410 3243 548 3314 nequeat
561 3236 615 3316 (l).

302 3330 431 3392 Ratione
452 3335 591 3409 effectus,
613 3333 783 3414 appellatio
806 3340 853 3395 est
871 3335 1038 3415 suspensiva
1053 3335 1100 3397 vel
1113 3325 1207 3393 deuol-

261 3425 332 3486 ta'oa.
349 3425 439 3488 Prior
453 3429 616 3514 suspendit
626 3430 883 3510 jurisdictionem
893 3431 1010 3510 judicis
1022 3453 1029 3508 ;
1047 3435 1139 3496 altera
1155 3420 1210 3504 qii-

294 3644 329 3707 (1)
344 3645 412 3697 Sess.
429 3646 498 3709 Xlll,
515 3661 568 3709 cap.
587 3661 607 3699 1.
630 3643 658 3688 -ἒ
674 3652 738 3701 Sese.
752 3652 838 3715 XXIV,
851 3665 907 3716 cap.
920 3667 961 3702 xx.
