2604 4264
425 302 500 347 PARS
521 302 685 348 saumatis·
990 305 1041 350 185

94 421 132 482 ΙΙ.
161 418 347 479 Armoricae
378 419 516 480 fideliter
529 419 692 480 custodire
708 417 765 480 sub
791 418 891 480 tribus
911 421 1040 483 diversis

61 516 215 590 clavibus,
234 533 370 596 quarum
396 533 459 576 una
478 515 510 576 in
541 516 687 599 manibus
702 516 845 595 parochi,
871 518 940 580 aliae
969 521 1040 581 duae

61 612 142 690 apud
168 611 405 671 matricularios
429 608 501 671 sint.
524 608 571 671 Ibi
597 615 794 672 asservantur
808 613 952 689 pecuniae
967 611 1043 674 resi-

62 710 141 782 duae,
161 706 304 785 exceptis
317 707 356 767 iis
368 725 438 785 quae
449 725 507 784 pro
522 706 761 769 occurrentibus
777 708 921 787 expensis
936 709 1043 790 quoti·

62 805 365 868 dianisnecessariae
381 803 544 881 videntur3
562 804 762 884 syngrapbae‚
782 804 968 882 inventaria,
992 807 1044 870 lit-

63 910 142 967 terae
170 900 401 975 fundationum,
433 899 603 962 rationario
629 901 696 979 jam
722 919 864 963 oensurae
888 901 1041 981 subjecta,

63 999 190 1078 aliaque
206 997 335 1078 maJ'oris
347 995 502 1058 momenti
517 996 742 1063 instrumenta.

102 1099 157 1158 111.
174 1095 343 1156 Procedens
375 1098 407 1155 et
434 1094 577 1174 imperares
601 1112 784 1174 procurare,
805 1097 890 1174 quod
917 1095 1044 1174 proprie

66 1192 359 1255 matriculariorum
369 1195 416 1250 est
427 1206 553 1252 munus.

108 1294 136 1353 t.
155 1292 206 1352 Ad
217 1297 378 1370 prouentus
389 1290 477 1367 quod
493 1287 618 1364 attinet,
642 1288 895 1368 permittendum
908 1307 972 1351 non
986 1296 1045 1365 est,

69 1393 217 1448 'utusurae
228 1405 266 1448 ex
279 1385 407 1447 elocatis
422 1384 566 1465 pecuniis
577 1385 705 1462 debitae,
722 1387 857 1465 aiiaeque
871 1385 1048 1464 praestatio-

72 1501 126 1545 nes
141 1485 228 1545 nitra
250 1483 384 1561 spatium
402 1482 442 1543 ab
460 1481 627 1546 Ordinario
641 1483 888 1545 determinatum
909 1489 1047 1558 restent;

73 1599 167 1644 secus
179 1579 322 1641 executio
331 1578 491 1659 judicialis
504 1577 713 1657 imploranda.

113 1682 147 1739 2.
162 1677 314 1758 Impense,
328 1696 365 1738 ex
387 1676 541 1738 reditibus
554 1681 679 1739 tantum
690 1677 843 1741 faciendae
856 1679 951 1758 (salva
964 1695 1048 1740 sem-

74 1793 131 1856 per
156 1774 275 1855 peculii
298 1773 502 1837 ecclesiastici
524 1773 721 1854 substantia),
741 1775 862 1852 erogari
887 1777 1004 1838 debent
1017 1775 1050 1836 in

77 1877 151 1936 fines
164 1872 198 1933 in
209 1890 288 1952 quos
300 1873 463 1933 destinatae
474 1877 558 1946 sunt,
568 1887 685 1949 nempe
697 1869 730 1931 in
741 1878 884 1951 sumptus
893 1891 951 1952 pro
962 1874 1050 1935 cultu

79 1970 180 2032 divino
194 1969 402 2044 necessarim,
424 1968 456 2028 iu
470 1967 629 2047 stipendia
639 1967 841 2045 clericorum,
858 1970 891 2030 in
906 1988 1052 2032 remune-

79 2068 212 2130 rationes
221 2067 598 2147 quotannispendendas3
616 2085 683 2127 non
695 2065 810 2128 veroin
825 2068 1052 2129 resentraordi-
1095 2085 1098 2092 ’

79 2165 180 2227 uarias
192 2163 253 2226 nisi
276 2166 434 2243 postulata
447 2163 597 2243 Episcopi
621 2162 760 2226 licentia.
784 2164 938 2225 inducere
957 2183 1052 2226 novas

82 2263 229 2342 expensas
244 2261 407 2323 annuatim
420 2261 579 2323 faciendas
593 2261 903 2324 administratoribus
920 2263 970 2324 vel
981 2279 1052 2324 om-

81 2360 156 2423 nino
167 2360 366 2440 prohibitum
381 2365 440 2435 est,
455 2361 504 2421 vel
514 2377 616 2439 usque
627 2361 666 2420 ad
678 2365 798 2422 certam
813 2377 972 2422 summam
983 2366 1053 2422 tan-

84 2459 248 2521 tummodo
263 2455 463 2520 conceditur.

120 2558 170 2619 l‘v.
193 2556 350 2618 Pecunias
365 2559 512 2632 acceptas
526 2554 654 2634 majoris
676 2572 808 2616 summae
826 2552 994 2616 confestim
1015 2551 1057 2612 fe-

86 2653 150 2714 nori
167 2656 245 2715 dare
267 2671 340 2715 cum
365 2649 579 2728 cautionibus
596 2670 624 2716 v.
641 2671 672 2732 g.
694 2652 855 2731 emptione
870 2647 1056 2731 syngrapha

89 2750 233 2828 publicae.

123 2850 158 2911 V.
182 2853 230 2911 De
246 2846 385 2925 acceptis
407 2853 439 2911 et
458 2848 604 2928 expensis
625 2845 753 2909 fabricae
779 2845 888 2906 libram
912 2840 1059 2902 rationum

91 2946 252 3022 quotannis
265 2946 434 3022 conficere,
448 2946 500 3008 cui
516 2943 730 3007 subscribunt.
746 2941 905 3012 Rationes,
918 2938 957 2998 ab
973 2938 1060 2998 loco·

90 3060 154 3104 rum
174 3042 487 3106 administratoribus
506 3040 705 3116 examinata,
719 3039 759 3100 ad
772 3035 966 3115 Episcopum
984 3033 1060 3096 mit·

90 3142 193 3202 tuntur
207 3140 383 3202 revisendae
399 3146 431 3202 et
445 3139 674 3220 approbandae.

126 3238 175 3299 VI.
200 3235 345 3313 Denique
363 3236 563 3298 curatoribus
575 3229 732 3295 incumbit
753 3230 895 3292 defensio
919 3228 1058 3291 fabricae.

92 3333 237 3396 Attamen
262 3333 351 3396 litem
374 3335 414 3395 de
429 3332 553 3414 juribus
572 3328 716 3394 ecclesiae
737 3345 864 3391 movere
889 3325 1060 3404 nonlicet,

36 3489 40 3510 ‚
94 3428 149 3491 nisi
162 3432 295 3494 obtenta
308 3429 465 3495 ordinarii
478 3431 638 3492 facultate.
