2618 4252
488 296 573 342 etus
594 295 758 342 sedullus.
1069 296 1119 343 297

141 414 317 476 obtinendo
340 412 509 496 necessarii
546 417 599 475 aut
631 413 724 475 utiles
752 412 914 489 ridentum
940 413 1120 492 prescribit

140 511 237 574 etiam
252 509 399 571 scientias
412 516 444 573 et
460 512 560 586 dotes,
581 511 695 590 quibus
711 511 856 574 instructi
872 512 935 573 sint
946 511 1001 591 qui
1014 513 1054 572 ad
1069 528 1118 572 or·
1173 545 1175 554 ν

140 607 416 698 dinespromoveri
434 611 580 690 cupiunt.
594 610 708 672 Libera
721 625 883 671 sacrorum
897 610 1117 672 ministrorum

141 707 273 770 selectio
289 723 327 767 ex
345 707 549 769 multitudine
559 707 677 768 civium
691 725 729 769 eo
745 707 848 768 minus
858 707 1008 768 Ecclesiae
1024 709 1121 768 dene·

139 802 206 885 gari
221 803 352 882 poterit,
366 803 439 882 quia
452 805 632 868 sacerdotes
652 823 718 867 non
742 806 902 867 excedunt
917 823 954 867 ex
967 805 1118 867 societate

140 902 236 977 civili,
250 902 305 962 sed
318 900 464 980 religioni
488 902 696 964 inservientes
711 902 806 964 simul
823 901 857 962 in
881 901 1122 964 commonebo
1149 901 1155 924 l

141 1016 217 1060 num
229 998 387 1060 laborant.
403 1001 536 1078 Insuper
550 1017 587 1062 ex
597 1005 711 1063 natura
720 1005 819 1063 status
835 999 989 1061 clericalis
1009 1003 1121 1078 sponte

142 1096 299 1176 sequitur,
327 1097 366 1156 ad
396 1098 573 1158 Ecclesiam
600 1105 744 1176 spectare
767 1099 951 1160 facultatem
978 1095 1124 1176 praescri-

141 1189 239 1254 bendi
257 1197 289 1252 et
303 1193 502 1254 examinandi
513 1194 614 1269 dotes,
634 1195 749 1274 quibus
758 1195 899 1278 polleant
912 1193 1121 1272 promovendi

95 1289 97 1293 ’
142 1289 180 1350 ad
198 1288 341 1348 ordines

180 1388 209 1446 2.
236 1385 432 1448 clericorum
459 1392 527 1448 tum
553 1387 883 1462 institutionem,tum
899 1385 1120 1448 educationem

146 1482 290 1544 Ecclesia
305 1483 423 1562 dirigit.
442 1483 594 1545 institutio
608 1485 789 1564 theologica
803 1503 868 1546 non
882 1490 930 1545 est
944 1482 1005 1543 nisi
1018 1483 1123 1544 infor-

143 1579 242 1640 matio
264 1581 437 1642 seientifica
455 1582 488 1641 in
501 1581 672 1659 religione3
687 1582 773 1661 atqui
788 1582 826 1642 ad
836 1582 936 1642 solam
948 1580 1124 1642 Ecclesiam

143 1676 282 1754 pertinet
296 1683 434 1755 potestas
446 1679 587 1741 docendi
607 1679 804 1758 religionem.
821 1679 894 1741 Pius
914 1681 969 1741 Vll
993 1679 1024 1739 id
1040 1680 1123 1740 clare

144 1774 318 1851 expressit:
343 1797 358 1832 a
374 1776 542 1855 Episcopis
556 1793 594 1837 ex
608 1777 679 1855 jure
694 1777 802 1838 divino
814 1777 979 1855 competit,
998 1780 1032 1837 ut
1046 1776 1123 1836 dde-

143 1871 188 1932 les
203 1872 250 1932 vel
259 1872 291 1932 in
306 1891 442 1952 persona
455 1875 501 1934 vel
517 1891 574 1952 per
587 1875 665 1936 alios
692 1875 872 1949 instituant,
899 1891 935 1935 ac
957 1872 1052 1935 etiam
1068 1873 1125 1933 ad·

141 1967 299 2049 spirantes
325 1972 363 2030 ad
393 1977 510 2032 statum
543 1970 722 2033 clericalem
749 1971 782 2031 in
806 1971 967 2050 theologia
991 1970 1124 2047 aliisque

144 2164 219 2226 fidei
241 2162 355 2226 instrui
375 2173 500 2230 curent.
518 2169 585 2228 Hoc
599 2167 732 2244 quidem
750 2166 801 2245 jus
831 2183 868 2225 ex
884 2165 1048 2244 principiis
1072 2182 1125 2226 ca-

145 2261 274 2324 tholicis
289 2279 307 2322 a
321 2268 477 2340 potestate
500 2262 584 2325 civili
601 2281 706 2342 neque
720 2261 818 2325 everti
832 2279 934 2341 neque
948 2263 1122 2342 constringi

149 2363 254 2437 potest
270 2360 324 2439 (f).
339 2381 353 2418 a

189 2454 261 2515 Pius
273 2457 314 2518 IX
329 2457 488 2520 damnavit
506 2457 865 2537 hancpropositionem:
888 2479 902 2515 a
915 2461 950 2519 ln
971 2459 1047 2538 ipsis
1063 2459 1127 2520 cle·

147 2551 287 2614 ricorum
312 2555 490 2640 seminariis
506 2557 676 2619 methodus
691 2556 869 2618 studiorum
886 2555 1067 2616 adhibenda
1078 2557 1128 2617 ei·

146 2649 200 2710 vili
215 2653 397 2714 auctoritati
410 2653 579 2734 subjicitur
590 2654 643 2735 (t).
659 2678 673 2714 a

188 2748 279 2808 Haud
304 2749 396 2810 aliter
420 2753 460 2813 dc
489 2751 659 2814 educatione
685 2753 824 2814 clericali
852 2748 1063 2812 sentiendum.
1093 2753 1127 2812 Si

150 2843 236 2906 enim
251 2844 386 2907 dubitari
412 2851 534 2926 nequit,
559 2850 636 2927 quin
648 2847 686 2908 ad
713 2849 890 2911 Ecclesiam
909 2852 1030 2926 spectet
1051 2865 1125 2910 eura

150 2940 327 3002 animarum
351 2944 537 3022 generatim,
561 2962 617 3006 seu
630 2945 778 3006 educatio
798 2945 939 3006 fidelium
954 2960 1128 3023 eorumque

150 3037 192 3098 ad
217 3036 366 3100 virtutem
391 3041 594 3103 christianam
619 3042 819 3119 informatio,
846 3043 1022 3104 eminenter
1046 3041 1133 3121 equi·

152 3135 226 3196 dem
246 3136 283 3195 ad
300 3136 388 3198 illam
409 3140 583 3217 pertinebit
597 3138 754 3202 institutio
769 3141 808 3200 ad
821 3139 1051 3219 perlectionem
1068 3140 1133 3201 cle-

151 3230 294 3299 ricalem.
416 3302 417 3306 ,

192 3331 222 3390 3.
234 3331 374 3394 Ecclesia
386 3332 485 3396 libere
500 3335 625 3398 confert
642 3335 791 3418 beneficia,
808 3341 841 3398 et
856 3334 1063 3397 beneficiatos
1081 3351 1133 3395 ca-

152 3425 269 3490 nonice
282 3429 431 3494 instituit.
447 3433 575 3496 Etenim
587 3452 661 3495 cum
671 3434 827 3496 beneficia
843 3439 876 3496 et
894 3433 1055 3512 parochiae
1070 3431 1132 3494 sint

186 3559 223 3624 a)
238 3561 297 3610 rsus
309 3563 361 3623 vu,
376 3551 538 3628 aspamam
551 3564 596 3614 aea·
605 3565 763 3615 sentimenta.

187 3635 223 3699 (2)
238 3639 275 3689 Pii
285 3642 318 3692 lli
329 3643 450 3707 Syllabas
460 3645 625 3707 complectens
637 3645 775 3708 praecipuos
785 3643 867 3694 atatis
880 3651 973 3694 nostras
985 3652 1090 3692 errores.

986 3737 1031 3786 17.
