2590 4262
456 303 530 346 PARS
552 302 715 349 succinus.
1023 305 1074 350 243

134 422 158 480 1.
184 419 239 480 lus
253 417 410 500 indicendi
419 437 523 499 poenas
541 421 698 499 competit
719 427 786 482 tum
807 421 992 502 legislatori,
1009 428 1076 484 tum

91 516 254 594 judicibus
270 516 486 579 subordinatis
508 519 684 578 secundum
703 519 915 582 hierarchiam
926 519 1077 598 Jurisdic-

95 613 205 678 tionis.
222 617 291 675 Duo
306 619 379 674 sunt
392 615 596 676 attendenda.

137 715 168 772 1.
196 711 381 789 Requiritur
398 711 579 788 jurisdictio
603 718 749 787 externa3
772 730 858 788 nam,
887 713 913 773 si
940 713 1076 793 excipias

97 809 315 888 paenitentiam
335 810 607 884 sacramentalem,
630 828 731 889 poenae
758 811 980 873 ecclesiasticae
998 813 1076 874 rele-

96 913 211 971 runtur
224 908 263 968 ad
280 908 387 967 lorum
402 913 580 968 externum.

137 1009 168 1066 2.
186 1005 369 1083 Requirilur
383 1010 417 1065 ut
426 1005 525 1083 judex
537 1005 579 1066 sit
593 1005 675 1065 intra
690 1007 855 1086 proprium
867 1005 1074 1069 territorium.

98 1103 189 1164 Ratio
203 1108 261 1178 est,
276 1103 350 1180 quia
362 1107 449 1162 extra
460 1101 658 1163 territorium
665 1104 784 1164 nemini
795 1105 869 1165 licet
878 1091 1077 1184 jurisdictio·

96 1217 171 1260 nem
184 1199 419 1261 contentiosam
436 1215 593 1272 exercere,
612 1216 652 1260 ne
665 1199 815 1278 injuriam
829 1203 986 1280 Episcopo
998 1202 1076 1262 alie·

96 1313 147 1356 nae
164 1294 309 1356 dioecesis
328 1295 452 1356 inierat.
463 1294 642 1374 Excipitur,
660 1297 684 1356 si
701 1297 909 1376 Episcopuse
931 1316 986 1358 sua
1001 1297 1078 1358 dim-

99 1394 165 1454 cesi
191 1395 339 1472 expulsus
367 1391 482 1466 l'uerit;
514 1399 602 1468 tuuc,
628 1393 728 1471 petita
753 1393 881 1455 licentia
907 1395 1077 1470 Ordinarii,

98 1490 221 1569 poterit
229 1491 264 1549 in
276 1490 334 1550 sibi
346 1490 490 1551 subditus
501 1509 628 1569 poenam
638 1492 735 1556 ferre.

140 1591 181 1649 ll.
199 1587 368 1668 Suby'ectum
377 1607 472 1670 porum
485 1588 661 1668 generatim
676 1590 817 1651 esthemo
831 1591 927 1651 vicens
942 1598 972 1650 et
988 1589 1079 1651 delia-

99 1704 202 1768 qucas.
228 1685 347 1748 Dicitur
367 1683 460 1760 loma,
486 1704 560 1747 nam
583 1687 687 1763 bruta,
713 1689 794 1749 sicut
819 1677 981 1766 incapacia
1005 1692 1078 1748 sunt

101 1783 216 1860 culpae,
228 1782 272 1842 ita
285 1799 410 1858 paenam
421 1784 549 1861 proprie
563 1784 682 1845 dictam
694 1802 758 1845 non
768 1784 941 1863 patiuntur.
957 1784 1079 1846 Dicitur

101 1879 209 1954 ot'oens,
235 1896 310 1938 uam
337 1880 456 1940 mortui
480 1880 596 1942 sublati
619 1869 729 1942 sunta
754 1887 909 1959 potestate
926 1883 1076 1956 humana;

103 1976 226 2054 excipe,
255 1975 280 2035 si
300 1976 497 2055 delinquenti
518 1983 650 2056 negatur
671 1980 833 2057 sepultura
851 1979 1075 2049 ‚ecclesiastica

103 2072 225 2135 Dicitur
237 2073 412 2155 deliuquens,
431 2075 550 2137 etenim
560 2094 653 2154 poena
667 2079 808 2156 sequitur
823 2079 960 2156 culpam.

143 2173 280 2232 Censura
290 2173 390 2233 fertur
405 2175 437 2232 in
447 2172 561 2253 fidelem
576 2173 766 2255 baptizatum,
784 2176 906 2236 rationis
920 2185 949 2237 et
960 2173 1021 2236 doli
1032 2192 1081 2234 ea-

102 2286 215 2348 poceua,
231 2269 383 2343 victorem,
401 2276 432 2332 et
445 2269 602 2332 subditum.
617 2273 694 2333 Inde
707 2275 797 2368 plura
811 2274 1014 2334 deducuntur
1028 2293 1035 2335 :

107 2433 109 2436 v
147 2368 175 2426 l.
193 2365 298 2443 Aliqui
322 2368 463 2427 censuris
483 2385 548 2429 non
573 2377 771 2444 coercentur,
793 2371 941 2432 videlicet
955 2368 1083 2452 infideles

74 2481 77 2489 ·
105 2461 160 2538 qui
179 2467 343 2540 nequeunt
356 2461 394 2522 iis
404 2463 529 2542 juribus
541 2464 667 2542 privari,
684 2467 799 2545 quibus
812 2468 957 2530 membra
971 2468 1084 2528 Eccle-

105 2557 159 2620 siae
174 2558 355 2636 potiuntun3
373 2578 477 2638 neque
494 2560 620 2641 infantes
641 2569 824 2641 clementes,
843 2566 916 2643 quia
930 2561 1082 2643 praecepti

105 2662 137 2717 et
148 2655 214 2716 doli
224 2674 289 2718 non
301 2663 375 2718 sunt
387 2675 530 2736 capaces
547 2662 588 2722 At
599 2661 779 2739 impuberes
790 2681 847 2724 usu
860 2661 990 2722 rationis
1002 2677 1084 2736 prae-

105 2752 174 2826 diti,
190 2769 265 2814 cum
279 2753 392 2816 nullibi
401 2755 607 2835 excipiantur,
623 2757 846 2838 sicutcapaces
861 2761 934 2818 sunt
946 2753 1024 2829 doli,
1039 2752 1082 2815 110

107 2855 137 2912 01
157 2867 312 2914 censurae.

145 2950 174 3009 2.
190 2947 298 3027 Aliqui
312 2967 377 3009 non
391 2948 547 3010 habentur
564 2949 694 3011 obnoxii
713 2950 861 3011 omnibus
877 2965 1081 3009 censurarum

106 3043 283 3122 speciebus.
296 3046 567 3108 Clericostantum
576 3047 674 3108 afficit
684 3047 862 3126 suspensi03
877 3043 1081 3106 interdictum

103 3157 178 3202 vero
192 3146 224 3203 et
240 3143 528 3205 excommunicatio
546 3145 668 3205 clerum
684 3151 714 3205 et
729 3145 882 3222 populum
897 3141 1079 3220 respiciunt.

142 3237 303 3316 unidem
322 3239 445 3318 integra
464 3239 676 3302 communitas
698 3238 844 3301 interdici
865 3240 913 3301 vel
935 3238 1085 3318 suspendi
1174 3321 1176 3325 Ι
1278 3319 1280 3324 ‚

70 3378 72 3383 -
103 3340 228 3414 potest;
246 3337 381 3414 collegia
394 3354 469 3398 vero
487 3354 552 3398 non
572 3336 900 3398 excommunicantur.
916 3337 1007 3398 Ratio
1026 3341 1082 3412 est,

103 3433 177 3510 quia
192 3433 485 3495 excommunicatio
506 3423 655 3510 censetu'r
669 3434 851 3512 gravissima
865 3452 967 3514 poena,
985 3435 1084 3513 pluri-

103 3529 227 3608 misque
242 3529 335 3590 bonis
346 3530 563 3609 spiritualibus
578 3531 698 3610 privat3
714 3549 790 3611 ergo
803 3532 989 3595 innocentes
1002 3549 1039 3594 ea
1049 3530 1087 3590 li·

104 3626 170 3704 gari
183 3644 250 3688 non
263 3627 392 3705 debent,
410 3630 465 3690 sed
478 3635 604 3692 tantum
619 3635 768 3692 auctores
781 3629 918 3692 sceleris.
