2618 4252
491 306 564 351 PARS
586 305 751 352 SPEGIAIJS.
1056 313 1109 360 829
1131 349 1136 358 .

132 427 255 485 neatur.
270 421 413 484 Ecclesia
428 425 534 482 autem
554 425 758 500 protestatur,
779 422 835 483 ubi
849 429 990 502 potestas
1009 426 1109 488 civilis

131 520 160 581 ei
184 520 321 596 denegat
342 517 480 580 liberum
506 517 694 578 exercitium
719 518 904 598 magisterii,
929 523 976 583 vel
1001 523 1110 584 minis·

130 618 214 695 terii,
232 617 280 678 vel
291 614 534 696 jurisdictionis.

171 718 201 776 E.
224 713 361 787 Politici,
397 732 412 769 a
442 709 527 773 civili
560 711 723 773 consortio
756 711 893 791 impium
924 716 1113 778 natarata‘snri

15 795 17 802 ¹
130 811 324 892 principium
343 810 551 890 applicantes,
569 810 687 870 audent
707 810 835 886 dooere,
858 813 1044 891 «optimam
1061 833 1109 878 so·

131 909 255 972 cietatis
270 908 408 988 publicae
427 907 598 980 rationem,
615 906 806 986 civilemque
822 926 1024 988 progressum
1042 931 1109 975 om·

130 1008 206 1068 nino
233 1007 405 1086 requirere,
431 1009 468 1067 ut
494 1005 632 1066 humana
663 1004 797 1066 societas
835 1008 1045 1072 constituatur
1077 1015 1110 1073 et

129 1103 332 1182 gubernetur,
350 1103 439 1164 nullo
457 1101 567 1164 habito
586 1103 626 1162 ad
646 1102 837 1181 religionem
854 1113 1012 1184 respectu,
1030 1109 1108 1170 acsi

130 1219 168 1262 ea
180 1218 246 1262 non
261 1200 410 1262 existeret
422 1199 475 1278 (l).
489 1221 504 1258 n

170 1296 327 1376 Equidem
348 1295 490 1357 Ecclesia
513 1296 642 1374 praelert
661 1296 961 1360 indifferentismum
981 1307 1108 1380 protec-

130 1395 210 1457 tioni
229 1394 393 1474 potestatis
412 1394 512 1455 civilis
530 1412 600 1472 quae
620 1393 809 1471 religionem
832 1395 968 1476 dirigere
987 1416 1108 1476 praesu·

130 1497 240 1553 meret.
259 1492 431 1553 Absolutus
445 1508 518 1552 vero
531 1490 813 1553 indifferentismus
830 1493 992 1554 societatis
1006 1495 1106 1557 civilis

130 1591 170 1652 ad
193 1589 369 1652 Ecclesiam
394 1592 442 1650 est
465 1588 687 1668 impossibilis3
709 1589 828 1650 etenim
850 1593 956 1653 Status
981 1610 1108 1673 semper

130 1705 239 1750 cavere
261 1687 358 1748 dehet
380 1703 420 1748 ne
440 1687 512 1764 Jura
536 1686 699 1765 religionis
722 1687 837 1763 laedat3
863 1687 1004 1769 alioquin
1026 1697 1108 1754 esset

129 1785 278 1847 inimicus
294 1789 348 1845 aut
362 1789 557 1863 persecutor.
1041 1847 1046 1853 ,

168 1883 267 1962 Igitur
286 1881 449 1942 distinctio
469 1886 500 1943 et
518 1880 767 1960 independentia
783 1885 888 1945 Status
907 1888 939 1945 et
956 1885 1107 1950 Ecclesia

129 1997 195 2041 non
218 1980 401 2051 excludunt,
422 1995 462 2038 ne
485 1978 616 2057 quidem
636 1978 669 2038 in
689 1963 1107 2057 saeculoxrx,conoordia1n

129 2078 296 2157 utriusque
317 2075 504 2155 potestatis;
531 2093 602 2154 quae
631 2075 706 2137 unio
732 2083 872 2140 servatur
894 2080 942 2140 vel
968 2081 1107 2144 redinte-

128 2180 238 2252 gratur
251 2193 309 2256 per
324 2172 518 2254 concordata.
658 2168 660 2176 ’

487 2434 672 2502 Titulus
701 2436 745 2502 ΙΙΙ

445 2609 497 2661 De
521 2607 784 2664 concordatis.

170 2793 367 2854 concordata
387 2796 460 2855 sunt
478 2792 675 2853 conventiones
694 2791 731 2854 ab
754 2791 921 2873 Apostolica
939 2791 1016 2856 Sede
1039 2805 1104 2858 carn

124 2889 312 2978 principibus
325 2890 405 2952 initae
421 2889 455 2952 de
468 2887 659 2950 relationibus
672 2889 812 2952 Ecclesiae
825 2899 854 2951 et
865 2888 981 2952 Status.

166 3041 255 3096 Cneur
267 3039 292 3095 l.
318 3042 358 3096 lle
377 3040 556 3097 concordatis
567 3041 599 3096 in
614 3055 731 3112 genere.

165 3128 253 3184 Gnaur
269 3129 301 3184 ll.
320 3129 359 3184 Ee
371 3127 550 3185 concordatis
563 3144 632 3185 cum
644 3128 780 3185 societate
792 3127 869 3185 civili
880 3128 1104 3187 hereticorum*

160 3315 192 3376 ll)
203 3314 241 3364 Pii
252 3315 286 3365 lx
301 3316 393 3367 eadem
408 3317 499 3366 litterae
513 3318 667 3382 apostolicae.
