2594 4286
457 327 531 372 hans
552 326 715 374 senciens.
1040 329 1072 376 63

94 443 216 507 bentur
238 446 414 507 duellantcs
427 444 481 524 qui
507 445 539 504 in
556 443 706 520 singulari
724 445 896 507 certamine
916 445 1073 508 interfecti

94 550 172 606 sunt
183 544 227 626 (l)
243 565 252 620 3
269 544 397 606 suicida
424 543 478 622 qui
505 548 643 604 mortem
665 543 725 604 sibi
741 549 854 622 sponte
877 545 1073 620 intulerunt3

92 647 282 720 peccatores
298 641 331 701 in
345 648 415 704 actu
428 639 569 702 criminis
589 639 800 716 decedentes;
817 647 1000 720 peccatores
1015 661 1075 721 pu-

91 739 173 800 blici
190 739 363 800 et'notorii
390 738 444 817 qui
466 738 500 797 in
517 737 749 815 impoenitentia
778 739 998 814 decesserunt3
1026 739 1073 800 illi

92 836 151 914 qui
162 841 236 898 ante
247 840 383 898 mortem
396 840 591 897 sacramenta
602 835 762 914 suscipere
776 854 813 899 ex
827 835 1012 916 contemptui
1026 854 1074 899 re-

90 940 259 997 cusarunt.

134 1047 191 1107 III.
207 1045 262 1106 Jus
284 1043 407 1125 eligendi
425 1044 618 1125 sepulturam.
642 1076 682 1090 -
707 1045 902 1124 Regulariter
923 1045 1071 1107 omnihus

92 1142 172 1205 licet
188 1140 248 1203 sibi
265 1142 459 1220 sepulteram
478 1142 606 1221 eligere,
628 1142 725 1203 modo
744 1143 877 1205 ecclesia
898 1144 1071 1222 sepeliendi

89 1240 145 1318 jus
162 1239 289 1300 babeat.
307 1241 374 1310 Ouo
388 1238 459 1318 jure
476 1241 615 1318 gaudent
639 1240 784 1302 eeclesiae
810 1241 1018 1316 cathedrales,
1035 1257 1071 1302 ac

93 1337 306 1416 parochiales,
321 1353 454 1415 quaeque
479 1336 557 1396 illud
579 1338 811 1399 consuetudine
830 1344 884 1400 aut
907 1338 1071 1418 privilegio

91 1436 220 1514 adeptae
238 1439 319 1496 sunt.

75 1605 77 1608 ¹
136 1534 240 1605 Quare
264 1532 359 1593 etiarn
387 1550 476 1608 uxor,
505 1532 604 1593 invito
625 1532 751 1608 marito,
781 1540 813 1595 et
834 1533 918 1594 filius
952 1533 1069 1613 pubes,

93 1629 241 1708 quamvis
255 1630 297 1691 sit
308 1630 340 1690 in
355 1635 510 1709 potestate
521 1629 627 1709 patris,
644 1631 778 1692 liberam
788 1633 958 1711 sepulturae
971 1633 1072 1713 cptio-
1168 1651 1174 1664 ¹

93 1745 172 1790 nem
193 1727 322 1790 habent.
347 1729 409 1790 Sed
426 1729 492 1789 lilio
513 1727 689 1807 impuberi,
708 1727 748 1790 ob
769 1729 908 1808 inopiam
933 1731 1070 1808 consilii,

93 1832 189 1905 pater
212 1826 301 1905 eligit
319 1827 523 1906 sepulturam.
540 1826 694 1889 Similiter
714 1844 817 1908 neque
843 1828 1069 1908 Regularibus,

93 1925 151 2004 qui
171 1943 229 1986 suo
244 1929 352 1985 carent
366 1923 507 1999 arbitri0‚
524 1923 600 1986 licet
614 1924 674 1985 sibi
688 1927 882 2005 sepulturam
895 1926 1023 2005 eligere.

134 2021 255 2101 Siquis
271 2021 329 2082 sibi
345 2023 537 2101 sepulturum
554 2040 617 2083 non
628 2021 725 2102 eligit,
740 2040 811 2084 eam
821 2022 956 2085 habetin
971 2025 1073 2102 sepul-

94 2137 153 2182 cro
173 2120 343 2198 majorum,
362 2119 411 2181 vel
428 2119 453 2180 si
476 2136 513 2181 eu
542 2126 658 2199 careat,
673 2120 706 2179 in
730 2121 863 2183 eeclesia
879 2120 1066 2199 parochiali.

94 2217 245 2279 Mulieres
269 2223 385 2294 autem,
403 2217 428 2278 si
444 2235 508 2279 non
522 2217 676 2295 elegerint
695 2220 899 2297 sepulturam,
915 2236 988 2280 cum
999 2218 1072 2280 viris

96 2315 163 2376 suis
178 2315 369 2393 sepeliendae
384 2320 467 2376 sunt.
484 2315 654 2393 Regulares
663 2315 834 2376 humantur
846 2316 879 2376 in
889 2315 1072 2377 caemeterio

95 2411 146 2474 sui
168 2413 363 2489 monasterii,
386 2413 471 2492 quod
490 2411 565 2492 ipsis
590 2411 750 2492 parochia
763 2415 835 2474 loco
853 2421 915 2490 est;
931 2421 963 2476 et
978 2413 1074 2475 hene-

94 2511 194 2573 ficiati
208 2511 241 2571 in
260 2509 453 2572 ecclesiasui
467 2510 615 2572 beneficii
629 2511 824 2590 sepeliuntur
841 2512 851 2592 (
871 2511 893 2590 ).

134 2623 188 2684 lv.
202 2621 255 2681 Jus
274 2619 439 2702 parochiale
455 2619 553 2700 quood
562 2619 669 2701 lunera
691 2621 917 2701 complectitur
930 2624 982 2704 jas
993 2641 1072 2704 sepe·

95 2717 258 2799 liendl,jus
272 2718 479 2780 interveniendi
501 2720 738 2801 funeribusque
755 2719 934 2802 percipiendi
952 2722 1073 2782 emolu·

95 2823 207 2880 menta
225 2835 263 2879 ex
279 2817 442 2879 funeribus
464 2818 693 2896 provenientia.

140 2931 170 2988 l.
188 2927 244 2989 las
270 2927 424 3010 sepeliendi
440 2928 667 3008 parochianos,
693 2929 836 3006 aliusque
859 2927 943 2988 intra
977 2947 1073 3008 paro·
1149 2991 1152 3004 ,

98 3024 208 3088 chiam
235 3026 404 3105 degentes,
433 3026 619 3104 regulariter
643 3026 683 3085 ad
712 3025 889 3105 parochum
916 3025 1071 3104 pertinet,

96 3129 218 3204 praeter
230 3141 320 3186 cesus
336 3129 500 3203 exceptos.

136 3225 166 3284 2.
186 3221 319 3284 Etiamsi
332 3220 543 3301 parochianus
567 3219 643 3280 alibi
668 3223 699 3281 et
714 3217 754 3279 ab
776 3217 839 3281 alio
856 3220 1020 3282 sacerdote
1035 3219 1075 3283 sit

95 3319 312 3399 sepeliendus,
334 3320 373 3380 ad
386 3317 562 3399 parocbum
577 3320 700 3396 spectat
711 3315 874 3378 funeribus
888 3317 1071 3392 intervenire,

131 3515 167 3580 (Ι)
177 3515 405 3578 Scbmalagrueber,
416 3513 678 3575 Jusecrlesiusticum,
693 3512 737 3564 lib.
757 3513 800 3574 lll,
818 3515 856 3564 tit.
872 3529 962 3566 xxvia.

128 3596 165 3660 (2)
183 3594 296 3654 herardi,
309 3593 491 3646 commentaria
511 3595 537 3646 in
551 3592 598 3662 jus
616 3593 824 3660 ecclesiasticum,
836 3591 862 3648 t.
883 3597 904 3658 l,
915 3596 1017 3647 dissert.
1032 3593 1074 3655 Vl,

95 3690 152 3743 cap.
169 3689 207 3727 ιιι.
