2590 4262
481 239 555 284 reas
577 239 741 302 sracrnnrs.
1046 243 1098 290 ars

160 354 273 417 Differt
290 353 329 415 ah
352 353 692 438 excommunicatione,
714 362 784 419 turn
811 360 886 438 quia
906 361 976 424 hacc
999 361 1100 440 privat

117 450 271 513 omnibus
301 449 393 511 honis
423 452 647 514 communibus
675 453 760 516 inter
787 456 909 534 fideles
935 461 1005 520 tum
1028 457 1102 536 quia

116 547 329 611 interdictum
344 548 443 610 afficit
456 549 537 610 loca.

161 645 273 708 Differt
292 645 388 707 etiam
406 663 425 706 a
443 646 635 726 suspensione,
656 666 726 726 quae
743 667 808 712 non
825 651 923 713 lentur
938 653 972 712 in
990 652 1100 725 laicos,

120 748 154 806 et
169 743 329 804 diversum
344 741 440 805 habet
455 743 629 822 objectum,
648 762 723 807 cum
739 748 911 825 prohibeat
924 749 1101 812 functiones

122 841 297 902 clericales.

163 939 202 999 Il.
218 936 331 1000 Diciss‘o
344 936 495 997 interdicti
506 938 672 1017 multiplex
686 941 888 1019 proponitur.

165 1038 198 1099 l.
225 1035 436 1113 Distinguitur
461 1035 669 1108 interdictum
689 1041 866 1115 personale,
891 1041 1003 1117 locale,
1023 1039 1104 1102 mix·

124 1137 203 1193 tum.
220 1131 431 1193 Interdictum
446 1132 597 1212 personale
610 1133 731 1195 directe
745 1135 844 1197 afficit
855 1153 1034 1214 personam,
1052 1137 1103 1199 cui

125 1228 298 1290 interdicta
326 1233 373 1290 cst
400 1227 602 1309 participatio
634 1228 827 1294 divinorum.
855 1231 960 1294 Locolc
984 1232 1103 1294 directe

125 1323 224 1387 allicit
237 1326 356 1399 locum,
371 1343 411 1386 nc
427 1326 460 1386 in
479 1344 517 1387 eo
532 1326 638 1388 divina
655 1328 811 1390 celebrari
826 1332 959 1408 possint.
976 1329 1105 1391 Mirtum

126 1424 225 1485 afficit
237 1423 309 1484 loca
325 1426 357 1484 et
371 1439 533 1501 personas.

167 1525 197 1583 2.
207 1521 415 1583 Interdictum
426 1522 599 1583 tamlocale
610 1540 706 1601 quam
717 1525 883 1602 personale
894 1523 1107 1586 subdividitur

107 1652 110 1657 ·
129 1620 163 1681 in
182 1619 326 1700 gencrale
345 1623 377 1680 et
398 1620 546 1699 speciale.
564 1619 669 1682 Monte
683 1621 818 1702 pernocte
836 1626 894 1697 est,
912 1624 997 1702 quod
1018 1623 1107 1701 plura

128 1719 202 1780 loca
219 1716 277 1778 suh
300 1732 332 1776 sc
350 1715 508 1791 continet;
532 1736 560 1779 v.
580 1736 610 1796 g.
634 1735 777 1797 regnum,
798 1720 1005 1798 provinciam,
1030 1720 1109 1780 dioe-

129 1815 239 1888 cesim,
257 1814 429 1876 civitatem.
445 1815 550 1876 Mente
566 1815 690 1898 speciale
708 1817 808 1878 fertur
824 1817 857 1877 in
874 1818 981 1879 locum
1003 1818 1111 1879 deter-

129 1915 297 1982 minatum,
313 1931 340 1973 v.
359 1931 387 1992 g.
407 1913 439 1973 in
455 1931 552 1974 unam
567 1913 745 1974 ecclesiam.

167 2009 326 2073 Personote
338 2010 471 2089 penerole
485 2015 543 2085 est,
560 2028 623 2089 quo
638 2011 762 2090 integra
779 2013 991 2074 communitas
1005 2012 1111 2074 homi-

129 2124 207 2169 num
229 2108 377 2183 allicitur,
402 2113 438 2170 ut
464 2125 576 2170 omnes
601 2109 716 2170 incolae
740 2108 885 2182 civitatis,
913 2111 1109 2172 monasterii.

129 2204 287 2267 Personole
304 2205 425 2286 speciale
447 2206 546 2267 lertur
564 2205 598 2266 in
617 2222 769 2284 personas
789 2205 1006 2286 particulares,
1027 2227 1055 2270 v.
1077 2227 1107 2288 g.

130 2301 164 2363 in
178 2318 328 2382 personas
343 2321 414 2381 quae
429 2304 492 2364 tale
509 2302 664 2364 delictum
679 2303 911 2380 commiserint.

172 2401 202 2462 3.
218 2399 428 2462 Interdictum
445 2400 613 2478 personale
634 2399 765 2461 ulterius
784 2400 998 2463 subdividitur
1014 2401 1047 2461 in
1063 2405 1112 2462 to·

132 2499 194 2561 tale
215 2503 247 2559 ct
271 2497 421 2576 speciale.
445 2497 544 2558 Totole
567 2514 678 2558 omnes
702 2497 831 2560 ellectus
854 2499 1018 2560 interdicti
1041 2515 1114 2576 per·

135 2595 251 2658 sonalis
274 2595 541 2674 comprehendit;
572 2595 709 2676 partiale
732 2599 779 2658 est
807 2596 913 2674 quoad
939 2612 1037 2657 unum
1060 2600 1115 2656 aut

136 2694 273 2754 alterum
299 2693 458 2766 effectum,
480 2697 515 2754 ut
537 2693 563 2752 si
589 2693 659 2772 quis
683 2693 893 2754 interdicatur
913 2692 952 2752 ab
973 2691 1116 2770 ingressu

138 2790 292 2865 ecclesias,
311 2807 329 2850 a
342 2790 525 2874 receptione
540 2795 822 2852 sacramentorum.

177 2890 230 2950 Ill.
250 2886 396 2948 Extensio
414 2885 565 2946 interdicti
580 2886 724 2967 penerolis
744 2892 792 2949 est
812 2884 921 2947 localis
940 2886 987 2946 vel
1010 2902 1119 2964 perso·

139 2987 230 3049 natis.
243 2985 414 3063 Utriusque
429 2985 551 3045 diversa
563 2991 611 3046 est
625 2985 724 3062 origo.
740 2982 898 3062 Equidem
912 2981 1118 3044 interdictum

140 3082 308 3164 personale
325 3082 433 3143 reterri
448 3085 553 3160 potest
568 3082 607 3141 ad
622 3081 768 3163 antiquas
786 3078 920 3141 leviores
935 3096 1119 3141 excommu-

99 3199 102 3206 ⁴
141 3179 330 3242 nicationes.
347 3181 465 3241 Verum
480 3178 691 3241 recentiorem
708 3179 842 3240 lormam
862 3177 985 3255 accepit
1002 3195 1039 3239 ex
1055 3177 1120 3238 dis-

142 3277 261 3357 ciplina
286 3276 450 3338 interdicti
474 3273 595 3350 localis,
628 3275 719 3353 cujus
744 3276 924 3354 exemplum
948 3277 1066 3340 saeculo
1088 3291 1120 3338 vr

144 3374 303 3442 invenitur,
321 3373 372 3455 (l).

178 3587 211 3650 (1)
222 3588 355 3652 Gregorius
367 3586 518 3638 Turonensis
531 3587 557 3636 in
567 3587 612 3640 lib.
630 3587 683 3639 Vlll
697 3588 812 3640 Historiis
823 3587 989 3638 Francorum.
