2618 4252
255 277 307 323 290
426 274 583 320 Expostulo
604 271 782 318 nannenten
801 271 884 316 sums
907 271 1060 318 usnemun
1142 295 1144 300 2

258 393 411 456 «Nemini
425 392 479 472 qui
493 390 669 454 catholicus
680 393 739 465 est,
755 389 901 468 ignotum
915 405 984 450 csse
995 393 1109 467 potest,
1123 389 1227 452 Chris·

253 499 320 556 tum
333 490 458 554 dedisse
473 488 633 568 Apostolis
646 503 821 564 eorumque
835 485 1069 547 successoribus
1083 494 1226 565 potesta-

253 597 316 653 tem
329 589 409 650 nulli
422 588 475 648 atii
487 585 638 666 potestati
650 583 833 645 obnoxiam,
849 603 865 640 n

288 687 361 748 Pius
373 688 415 747 IX
432 706 439 747 ε
459 705 473 741 u
484 687 554 746 Non
566 681 757 746 enitescunt
774 682 881 759 palam
897 681 1040 759 profiteri
1057 680 1227 744 haeretieo-

248 802 320 846 rum
332 785 461 846 effatum
474 788 505 844 et
523 780 729 861 principium,
743 795 781 840 ex
796 796 859 858 quo
878 783 927 840 tot
941 796 1101 857 pervemae
1122 780 1229 841 oriun-

246 888 299 944 tur
311 882 479 945 sententiae
491 886 585 960 atque
597 894 729 940 errores.
742 877 895 938 Dietitant
905 877 992 938 enim
1005 899 1020 936 o
1031 878 1229 940 ecclesiasti·

246 997 316 1042 eam
345 984 536 1059 potestatem
557 995 623 1038 non
651 993 719 1040 esse
742 977 814 1055 iure
840 975 947 1036 divino
972 976 1168 1039 distinctam
1197 982 1226 1038 et

244 1076 547 1155 independentcma
567 1078 723 1153 potestate
744 1072 838 1148 civili,
861 1089 965 1151 neque
979 1074 1144 1152 ejusmodi
1164 1074 1225 1136 dis-

243 1175 432 1237 tinctionem
444 1181 476 1236 et
487 1172 770 1252 independentiam
779 1171 894 1232 servari
906 1188 1009 1251 posse,
1020 1171 1101 1250 quin
1112 1171 1157 1232 ah
1170 1173 1228 1234 Ee·

243 1272 340 1334 alesia
349 1273 546 1351 invadantur
566 1275 599 1332 et
619 1273 812 1349 usurpentur
827 1268 1005 1330 essentialia
1023 1270 1098 1348 jura
1114 1276 1225 1349 potes-

241 1370 315 1432 tatis
330 1371 431 1432 civilis
449 1369 499 1447 (i).
516 1390 529 1425 t)

243 1455 248 1462 ”
278 1469 394 1530 iisdem
404 1465 516 1526 litteris
528 1465 685 1525 damnatas
695 1468 769 1526 sunt
777 1462 1013 1541 propositiones
1024 1467 1223 1542 sequentes:

178 1641 180 1644 .
242 1585 256 1622 o
268 1564 407 1626 Ecclesia
432 1580 498 1626 nou
524 1568 571 1624 est
599 1577 671 1623 vera
695 1561 898 1639 perfectaque
923 1559 1056 1622 societas
1072 1560 1226 1638 planeti-

238 1662 349 1723 baca...
378 1659 601 1722 Ecclesiastioa
617 1664 755 1738 potestas
778 1675 868 1720 suam
887 1659 1116 1720 auctoritatem
1132 1676 1222 1721 exer·

241 1775 311 1820 cere
336 1776 401 1819 non
428 1757 523 1819 debet
549 1757 669 1836 absque
697 1755 796 1818 civilis
821 1755 968 1834 gubemii
998 1757 1091 1818 venia
1119 1764 1152 1819 et
1178 1775 1225 1818 as-

242 1871 335 1916 sensu
350 1855 404 1934 (22).
425 1879 439 1909 i

401 2069 456 2131 §2-
473 2096 504 2106 -
520 2067 662 2132 objectum
678 2064 905 2131 independentiae
922 2067 1063 2120 Ecclesiae.

277 2239 399 2304 Quasno
420 2243 444 2295 t.
466 2240 644 2312 Principium
658 2240 747 2310 hujus
760 2239 978 2310 disquisitionis.

276 2325 399 2390 ansno
416 2329 443 2380 2.
463 2326 609 2399 Multiplox
622 2326 770 2396 objectum
786 2326 1020 2399 independeutioe
1035 2329 1184 2387 Ecclesiae.

365 2543 478 2601 Qonsmo
495 2549 530 2592 μ.
548 2567 579 2578 -
594 2543 745 2590 ancimcu
760 2554 836 2592 nosos
849 2554 1035 2598 nisomsmmnis
1047 2546 1091 2608 (3).

280 2718 306 2778 1.
321 2713 662 2796 Itejt'ciootucprincipia
678 2714 756 2795 falsa
767 2724 820 2776 out
831 2716 933 2778 saltem
945 2717 1083 2797 captiosa.

283 2815 311 2876 t.
329 2813 510 2892 Captiosum
526 2815 572 2874 est
586 2811 670 2875 istud
686 2813 901 2893 principium:
928 2836 942 2872 u
959 2814 1092 2876 Ecclesia
1110 2823 1215 2896 preest
1296 2821 1297 2844 ¹

241 2910 356 2986 animis,
369 2911 471 2972 civitas
482 2929 547 2972 uero
561 2911 740 2992 corporibus.
756 2933 771 2970 o
790 2913 915 2974 Etenim
929 2919 1063 2993 utraque
1076 2919 1213 2993 potestas

241 3007 404 3069 homiuem
430 3025 546 3069 nonen
567 3015 657 3086 parte
680 3014 804 3071 tantum
825 3011 880 3071 sed
907 3009 1077 3090 integrum,
1100 3009 1214 3074 intuitu
1295 2985 1296 3029 ¹

240 3110 307 3168 tam
328 3108 472 3185 corporis
486 3123 583 3186 quam
607 3106 721 3168 animae
738 3107 798 3168 sihi
813 3108 990 3188 subjeetum
1014 3109 1122 3185 hahet,
1140 3110 1212 3172 licet
1294 3134 1295 3211 t

275 3289 307 3350 (1)
324 3289 362 3337 Pii
374 3289 407 3337 tx
418 3290 516 3339 Littecae
528 3289 660 3354 encyclico
677 3291 776 3352 Quanto
792 3306 863 3352 curo,
874 3291 914 3342 die
926 3295 939 3340 8
951 3292 1088 3343 decembris
1103 3294 1171 3344 mot.

276 3371 309 3429 (2)
326 3368 364 3417 Pii
383 3370 418 3417 lx
432 3368 551 3432 Syllabas
571 3371 736 3432 complectens
750 3373 889 3432 precipuos
904 3377 995 3420 nostras
1010 3372 1094 3422 aetatis
1107 3383 1211 3430 errores,

242 3451 427 3590 ¹9itionudisio,
442 3525 514 3576 Droit
527 3527 611 3591 public
621 3527 651 3578 de
664 3515 780 3594 Hicine,
793 3535 811 3577 t.
827 3529 847 3589 1,
860 3529 900 3578 tit.
917 3543 996 3581 xxxn.
1015 3559 1042 3568 -
1058 3530 1209 3606 Thomassin
1290 3571 1292 3606 3

245 3609 320 3661 Vetus
332 3609 355 3659 et
365 3607 435 3657 Nova
449 3607 567 3658 Ecclcstoe
578 3608 724 3673 Disciplina,
736 3622 795 3671 pars
808 3609 842 3670 11,
854 3609 896 3660 lib.
906 3609 950 3661 ΠΙ.

1288 3797 1291 3945 i
