2604 4264
439 261 513 306 PARS
534 261 697 307 SPECIALIS·
1004 267 1052 326 187

67 377 304 440 controversiae
333 377 365 438 in
376 376 532 456 judicium
548 379 693 440 deductae
705 383 773 440 tcta
797 380 962 456 discussic,
982 403 1053 462 quae

69 479 168 537 durat
182 493 203 536 a
216 474 370 537 citatione
385 493 484 554 usque
498 477 538 536 ad
553 475 755 541 sententiam.
773 477 898 552 Quaestio
915 486 963 541 est
986 479 1054 558 ipsa

67 591 119 635 res
141 589 203 634 seu
214 573 266 651 jus
285 577 535 649 controversum,
549 575 635 652 quod
649 572 681 633 in
691 574 851 652 judicium
865 576 981 648 deduci
997 596 1056 656 po·

66 675 144 732 test.
180 668 280 731 Causa
302 674 350 731 est
366 670 455 736 idem
470 669 520 748 jus
544 675 616 732 actu
631 672 805 733 deductum
832 673 864 734 in
883 672 1052 752 judicium.

65 769 123 828 Lis
155 773 207 829 est
235 767 332 842 aetio,
362 785 424 845 qua
448 783 497 827 res
521 773 723 830 controversa
750 769 783 830 in
811 769 969 848 judicium
999 772 1054 834 de·

65 865 217 942 ducitur,
230 865 375 926 Instantis
390 863 526 944 denique
547 871 593 927 est
614 866 799 928 exercitium
822 868 957 930 actionis
969 868 1056 947 judi-

66 962 163 1025 cialis
178 955 242 1040 Η).Ι

106 1065 140 1122 2.
160 1061 230 1132 Quo
241 1061 313 1140 jure
334 1059 396 1121 sint
410 1061 593 1122 introducta
607 1061 754 1140 judicia?
766 1063 967 1140 originaliter
981 1067 1055 1124 sunt

65 1159 151 1237 juris
176 1157 341 1234 naturalis,
356 1157 435 1236 juris
459 1175 534 1218 vero
555 1158 685 1219 humani
710 1159 886 1221 formaliter
899 1164 931 1220 et
950 1160 1054 1239 quoad

69 1255 310 1317 solemnitates,
324 1254 403 1318 Pers
418 1254 520 1335 prima
547 1257 724 1316 ostenditur
742 1273 780 1317 ex
793 1255 982 1317 necessitate
998 1256 1057 1316 bu-

70 1352 162 1412 mani
173 1351 312 1430 generis;
330 1365 404 1410 nam
423 1367 507 1429 saepe
522 1349 635 1426 evenit,
653 1356 688 1412 ut
704 1352 768 1412 duo
782 1351 867 1412 inter
879 1368 911 1412 se
928 1355 1057 1412 conten-

71 1451 152 1510 dant
165 1450 208 1510 de
220 1450 290 1528 jure
304 1448 419 1522 dubic;
439 1449 546 1528 itaque
565 1467 643 1528 opus
656 1454 733 1525 erat,
748 1455 783 1510 ut
793 1454 886 1524 esset,
901 1449 954 1528 qui
971 1454 1055 1510 ortas

70 1545 268 1624 hujusmodi
285 1546 512 1607 controversias
537 1547 684 1623 solveret,
709 1552 741 1608 et
763 1547 878 1625 cuique
889 1547 941 1626 jus
963 1563 1056 1608 suum

73 1643 249 1704 tribueret.
264 1645 329 1704 Hoo
339 1649 445 1706 autem
456 1645 524 1711 fieri
536 1662 602 1707 non
614 1650 740 1724 poterat
754 1645 792 1707 ab
806 1645 883 1724 ipsis
894 1645 1052 1722 partibus3

71 1739 158 1800 nibil
173 1740 258 1800 enim
280 1747 376 1802 rectae
401 1741 516 1804 rationi
539 1744 640 1822 magis
664 1749 829 1822 repugnat,
845 1759 946 1822 quam,
953 1743 1005 1822 jus
1020 1742 1054 1802 in

73 1837 208 1916 propria
222 1839 390 1900 causasibi
407 1841 524 1901 dicere.
542 1843 676 1903 Necesse
691 1839 788 1920 igitur
801 1846 878 1915 erat,
895 1845 930 1901 ut
948 1845 1054 1901 auoto-

74 1933 167 1996 ritate
179 1934 308 2014 publiea
321 1934 568 1998 constitueretur
580 1937 750 2015 judicium,
763 1937 796 1998 in
812 1955 876 2017 quo
892 1937 989 1998 dubia
1000 1936 1065 2015 jur
1149 1964 1151 1968 ⁴

75 2031 119 2092 ris
136 2031 370 2095 dirimerentur.
399 2033 616 2095 Porsseruodo
636 2038 723 2112 patet
749 2051 786 2097 ex
799 2032 1053 2098 solemnitatibus

72 2130 280 2209 judiciorum,
303 2149 380 2211 quas
389 2131 461 2209 Jure
483 2129 744 2212 civiliinventas,
770 2136 802 2193 et
816 2132 886 2211 jure
899 2130 1052 2192 canonico

75 2229 116 2288 ad
130 2228 233 2289 forum
243 2229 494 2290 ecclesiasticum
506 2230 671 2290 translatas
685 2245 752 2291 esse
765 2235 891 2291 constat
905 2245 943 2290 ex
959 2226 1052 2290 variis

75 2326 225 2388 textibus
476 2333 483 2360 l

118 2424 262 2485 Jamrero
268 2420 347 2500 juris
361 2420 512 2483 naturalis
524 2427 596 2484 sunt
610 2421 722 2502 petitio
732 2424 858 2500 actoris,
872 2423 981 2486 citatio
991 2420 1049 2496 rei,

78 2519 221 2600 probatio
244 2537 357 2593 oausae,
375 2519 583 2598 ejusdemque
597 2520 749 2596 defensio,
768 2519 886 2583 decisio
901 2519 997 2594 illius,
1021 2522 1053 2596 et
1091 2535 1093 2540 ·

79 2618 239 2680 sententiae
254 2615 471 2694 pronuntiatio
484 2637 491 2678 :
504 2634 579 2678 nam
590 2617 658 2680 haeo
670 2621 709 2680 ad
722 2616 928 2680 substantiam
937 2611 1050 2694 judicii
1140 2667 1141 2672 ,

80 2715 246 2794 pertinent,
269 2718 300 2774 et
317 2711 390 2774 talia
402 2719 485 2789 sunt,
505 2719 540 2776 ut
549 2715 617 2776 s'ine
638 2715 701 2775 illis
716 2733 809 2776 eausa
832 2723 918 2774 recte
944 2709 1051 2770 decidi

78 2817 220 2892 nequeat.
238 2813 356 2874 Caetera
366 2817 440 2874 sunt
453 2813 532 2892 juris
546 2813 674 2893 positivi
682 2813 825 2888 humani,
839 2811 990 2890 quianon
999 2823 1050 2868 ne-

82 2911 266 2983 cessitatem,
281 2911 334 2971 sed
346 2911 580 2973 solemnitatem
599 2911 736 2989 sapiunt.

119 3009 242 3086 Exque
263 3008 405 3086 sequitur
431 3013 462 3070 l⁰
490 3010 576 3088 quod
593 3025 736 3068 summus
766 3005 912 3083 princeps
934 2999 1045 3079 possit,

81 3103 198 3166 omissis
217 3105 482 3182 solemnitatibus,
504 3106 553 3167 vel
568 3104 636 3182 ipse
658 3105 725 3164 sola
741 3102 817 3164 lacti
838 3101 968 3161 veritate
978 3099 1043 3160 ins·

80 3209 166 3282 pecta
178 3220 304 3264 oausam
314 3205 469 3282 judicare,
496 3203 544 3264 vel
567 3201 662 3262 alicui
677 3217 805 3261 causam
830 3199 874 3260 ita
888 3199 1043 3275 delegare,

81 3305 116 3361 ut
130 3317 192 3361 eam
202 3301 331 3361 dirimat
345 3299 411 3360 sine
425 3301 524 3379 ligura
535 3298 662 3378 judicii.
679 3299 810 3358 -201n
824 3297 913 3358 nullo
922 3295 1047 3375 judicio

82 3399 173 3460 etiam
186 3382 368 3474 summario,
391 3397 494 3460 omitti
502 3414 595 3476 posse
609 3413 645 3458 ea
659 3413 730 3475 quae
744 3395 894 3458 dicuntur
906 3393 1047 3456 substan·

115 3613 144 3674 (tl
154 3611 273 3671 Mascbat,
286 3607 457 3657 lnslr'lutiones
462 3607 535 3670 juris
547 3607 669 3668 canonici,
681 3607 723 3656 lib.
736 3605 767 3668 ll,
780 3605 818 3656 tit.
834 3605 865 3656 de
880 3604 999 3657 Judr'riis.
