2590 4262
228 244 282 290 2⁰4
395 241 551 287 lexeosmo
572 239 749 286 ussedom
769 239 852 284 tultis
874 237 1031 284 cadolum.

226 366 313 432 illam
339 365 418 426 ferat
442 362 641 424 sententiam.
671 359 828 440 Exceptis.
841 361 942 423 oausis
968 357 1210 434 criminalibus,

227 459 512 524 matrimonialibus
528 466 561 522 et
573 456 691 533 arduis,
709 459 779 518 duae
797 458 1002 537 probationes
1018 456 1213 536 semiplenae

228 564 360 639 possunt
373 559 500 637 plenam
513 555 733 634 probationem
747 556 850 617 faeere
863 554 919 634 (l).

267 659 304 718 ll.
321 655 423 718 Variae
440 659 512 716 sunt
524 651 646 731 speeies
665 651 860 731 probationis
875 653 990 731 plenae,
1007 668 1120 730 nempe
1135 671 1215 712 eon-

225 754 322 836 fessio,
346 752 484 832 inspeetr'o
506 750 640 825 nondinis,
666 757 761 825 testes,
778 750 981 823 instromenta,
997 749 1207 830 praesumptio,

229 858 261 914 et
268 849 493 932 jusjurandum.

260 933 302 1010 l.
324 945 470 1026 Confessio
490 944 629 1025 primum
651 947 758 1006 loeum
781 943 865 1006 inter
878 944 987 1021 plenas
1001 941 1212 1021 probationes

231 1044 291 1106 sibi
308 1043 456 1118 vindicat,
482 1060 556 1105 oum
579 1044 666 1104 nulla
679 1042 719 1103 sit
734 1040 858 1122 plenior
876 1039 1033 1119 probatio,
1052 1057 1152 1120 quam
1177 1058 1215 1102 ea

230 1159 330 1221 quana
344 1140 464 1221 proprii
479 1141 542 1203 oris
553 1139 750 1202 consessione
764 1138 919 1218 procedit.
932 1139 1087 1200 Definitur
1101 1157 1215 1200 osseos-

228 1239 308 1302 rntio
322 1239 394 1320 ejus,
409 1238 488 1320 qnod
501 1236 538 1298 ob
549 1236 716 1298 edversario
730 1235 902 1298 intenditur.
946 1252 949 1257 ·

268 1336 422 1399 Dividitur
447 1337 479 1395 in
497 1333 672 1414 judicialem
696 1339 728 1396 et
751 1332 1014 1415 entrajndieioiem.
1042 1333 1211 1398 Confessio

231 1431 473 1514 extrajudieialis
492 1432 620 1510 plenam
633 1430 856 1510 probationem
873 1449 938 1494 non
952 1429 1132 1506 constituit,
1149 1430 1211 1492 nisi

231 1549 339 1594 eoram
352 1528 531 1591 adversario
545 1533 577 1589 et
588 1526 712 1589 idoneis
726 1525 859 1590 testibus
874 1527 989 1588 emissa
1003 1526 1053 1588 sit.
1069 1529 1086 1588 J
1091 1525 1212 1590 udicia-

230 1628 269 1690 lis
284 1634 390 1689 autem
411 1623 568 1688 confessio
582 1642 740 1686 summam
758 1626 823 1687 vim
844 1622 951 1700 habet,
965 1625 1009 1684 ita
1025 1629 1061 1686 ut
1086 1642 1163 1687 reus
1179 1643 1211 1687 se

232 1742 286 1786 sua
305 1724 461 1786 sententia
476 1724 642 1784 damnasse
653 1723 805 1786 videatur.
825 1723 887 1785 Sed
909 1728 944 1784 ut
962 1739 998 1784 ea
1012 1723 1126 1798 valeat,
1142 1723 1210 1784 fieri

232 1821 359 1884 debete
382 1819 570 1900 majorenni‚
585 1837 693 1882 eoram
712 1819 821 1899 judice
838 1824 1053 1898 competente,
1070 1824 1211 1882 exserta

229 1919 360 1982 seientia
378 1923 409 1980 et
423 1916 594 1996 libertate(
614 1917 636 1997 ).

267 2016 316 2076 Ad
343 2014 506 2076 veritatem
528 2012 726 2076 consessione
752 2011 945 2093 litigantium
974 2015 1160 2090 eruendam,
1191 2033 1208 2075 a

228 2111 443 2175 Decretalibus
460 2112 599 2174 induetae
619 2116 692 2173 sunt
704 2111 863 2191 positiones
884 2129 940 2174 seu
953 2101 1080 2175 artiouli
1092 2111 1208 2190 praeoi-

228 2228 290 2288 pua
310 2208 423 2286 judieii
444 2209 548 2288 capita
568 2207 790 2287 respicientes3
815 2209 855 2270 iis
878 2211 1060 2273 constitutis
1081 2227 1118 2272 ea
1143 2218 1208 2272 tan·

227 2313 297 2368 tum
321 2307 485 2385 probanda
509 2311 678 2386 supersunt
709 2323 780 2386 quae
810 2307 969 2386 negaverit
996 2307 1203 2370 adversarius.

227 2403 459 2484 Inteeropotorio
482 2409 554 2466 sunt
580 2405 643 2466 illae
668 2403 871 2483 questiones,
894 2423 970 2484 quas
989 2406 1088 2484 judex
1103 2407 1153 2468 vel
1170 2423 1206 2467 ex

230 2501 336 2564 officio
351 2502 399 2562 vel
414 2501 453 2561 ad
468 2501 651 2562 instantiam
663 2501 760 2579 partis
774 2503 927 2581 proponit
941 2521 996 2564 reo
1014 2508 1045 2564 et
1057 2501 1204 2565 testibus.

229 2597 287 2669 Qui
300 2598 493 2676 respondere
507 2601 640 2672 recusat,
660 2616 719 2676 pro
732 2599 877 2661 confesso
894 2599 1041 2677 habetur,
1059 2597 1085 2660 si
1098 2604 1206 2661 tamen

228 2712 322 2757 eausa
336 2692 507 2762 criminalis
520 2713 584 2756 non
600 2695 695 2757 fuerit
711 2695 762 2775 (i).

266 2799 296 2856 2.
320 2792 381 2857 Ubi
399 2811 448 2856 res
469 2794 667 2857 confessione
682 2811 747 2858 non
762 2801 895 2874 constat,
912 2795 1028 2860 veritas
1053 2794 1119 2858 aliis
1133 2812 1208 2874 pro·

228 2889 408 2954 bationibus
423 2889 607 2970 exquiritur.

266 2989 409 3070 Inspectio
429 2988 554 3050 oratoris
577 2995 625 3052 est
639 2989 787 3070 probatio
802 2989 894 3052 latius
908 2996 1131 3073 acceptaque
1149 2991 1203 3052 Ju-

229 3084 292 3148 dioi
306 3089 384 3148 fides
398 3084 586 3148 conciliatur
605 3103 662 3165 per
678 3087 780 3166 ipsam
802 3085 1007 3149 intuitionem
1027 3087 1074 3148 rei
1100 3085 1203 3150 dubiae
1291 3155 1293 3158 ¹

229 3183 328 3244 oeulis
340 3184 501 3263 subjectae.
515 3183 552 3246 lli
566 3186 656 3246 loeus
671 3184 762 3246 estin
775 3182 812 3244 iis
826 3184 922 3246 rebus
936 3205 1007 3264 quae
1022 3185 1081 3246 sub
1096 3185 1203 3246 oeulos

229 3280 358 3358 eadunt,
376 3300 406 3342 v.
422 3301 451 3360 g.
467 3282 500 3344 in
522 3299 615 3345 eausa
633 3280 868 3358 vulnerationis,
886 3283 920 3344 in
928 3283 1053 3363 judioio
1064 3280 1203 3346 limitum

261 3427 293 3487 tl)
305 3425 474 3476 Decretols'nnr
489 3429 533 3479 lib.
546 3431 578 3490 ll,
588 3429 627 3479 tit.
639 3443 691 3490 xrx,
704 3429 736 3480 de
747 3427 954 3484 Probationiben.

260 3509 294 3566 (2)
304 3505 379 3567 leid„
391 3506 433 3557 tit.
453 3519 525 3571 xvur,
540 3507 570 3558 de
584 3507 721 3573 Confessio.

259 3583 295 3650 (3)
308 3583 373 3637 idid.
