2594 4286
208 326 212 335 .
242 283 276 330 ³⁸
397 279 553 330 exeosmo
574 275 751 323 nnrflonloe
771 278 855 324 touls
876 281 1032 330 CANONICI.

240 404 389 480 solvatur.
411 435 452 448 —
463 403 495 462 2¹
508 399 549 462 Ut
560 393 684 458 fortiori
698 392 823 456 vinculo
839 398 1043 476 particulares
1063 398 1216 462 Ecclesiae

240 498 458 560 devinciamur
473 499 583 558 centro
600 489 747 566 unitatis,
768 492 843 554 Sedi
861 497 1054 574 apostolicae.
1071 531 1111 546 -
1127 500 1158 558 3·
1173 497 1217 558 Ut

240 595 408 674 disciplina
420 593 565 673 religiosa
580 594 783 652 conservetur
794 596 826 652 et
835 600 1067 670 promoveatur.
1082 597 1158 654 -t·
1172 594 1216 654 Ut

236 699 425 772 protegatur
441 686 882 769 Regularium‘tranquillitas.

277 794 310 852 2⁰
331 790 479 852 Historia.
498 821 538 836 -
554 784 795 863 Frequentiores
814 794 978 850 evaserunt
994 788 1213 868 exemptiones

236 906 254 950 a
275 894 421 967 tempore
443 904 507 967 quo
531 881 663 945 formari
688 881 886 962 inceperunt
909 887 1037 949 ordines
1063 886 1122 950 sub
1147 905 1213 947 uno

235 986 410 1066 praeposito
421 982 578 1065 generali3
593 979 789 1059 impossibile
799 981 909 1044 luisset
923 982 1035 1044 unitati
1049 981 1214 1062 regiminis

233 1084 414 1174 providere,
442 1082 467 1143 si
493 1077 695 1152 monasteria,
725 1077 758 1137 in
783 1079 875 1152 variis
899 1078 1069 1157 provinciis
1094 1084 1211 1154 erecta,

234 1181 462 1266 remansissent
483 1177 541 1239 sub
567 1174 789 1256 jurisdictione
816 1175 1013 1256 singulorum
1038 1176 1215 1255 Episcopo-

233 1297 315 1340 rum.
341 1276 566 1356 Exemptiones
593 1274 720 1334 luerunt
745 1273 917 1352 generatim
946 1273 1100 1352 probatae,
1135 1289 1212 1335 curn

233 1376 323 1438 valde
337 1377 525 1454 prodessent
539 1371 625 1433 bono
640 1370 804 1432 communi
827 1372 990 1435 ordinum.
1011 1372 1210 1450 Quandoque

233 1480 311 1535 crtae
327 1477 400 1534 sunt
415 1462 667 1543 reclamationes,
692 1467 755 1529 sive
778 1467 851 1547 quia
867 1469 1011 1531 nonnulli
1033 1469 1141 1531 clerici
1170 1487 1211 1531 ex

230 1570 348 1632 invidia
358 1564 807 1645 contendebantRegularibus
817 1568 1055 1629 concedendam
1064 1585 1127 1630 non
1139 1585 1210 1630 esse

229 1667 413 1728 facultatem
428 1664 564 1728 docendi
578 1668 609 1746 et
624 1663 836 1725 ministerium
850 1665 1036 1740 exercendi;
1054 1666 1117 1728 sive
1133 1666 1210 1746 quia

229 1763 337 1844 piures
349 1763 474 1825 Praelati
489 1761 588 1842 magis
605 1760 733 1822 solliciti
747 1765 837 1823 erant
855 1761 894 1824 de
910 1764 1061 1824 servanda
1074 1762 1210 1843 integri-

228 1866 293 1922 tate
314 1879 378 1924 suae
396 1858 645 1940 jurisdictionis,
667 1873 761 1937 quarn
785 1858 825 1918 de
845 1857 997 1938 obsequio
1023 1861 1207 1940 praestando

228 1959 383 2020 mandatis
402 1960 433 2020 S.
458 1956 548 2018 Sedis
566 1973 636 2035 quae
652 1954 828 2017 certissime
845 1961 960 2034 potest,
981 1958 1020 2018 ad
1036 1959 1208 2024 consulen-

228 2055 304 2115 dum
334 2053 523 2117 utilitatibus
549 2051 701 2114 Ecclesia
726 2052 920 2128 universalis,
949 2055 1205 2135 exemptionibus
1287 2111 1288 2114 ,

226 2151 344 2214 limites
363 2149 581 2231 jurisdictioni
597 2149 829 2229 llpiseoporum
846 2168 1028 2231 apponere;
1046 2152 1109 2213 sive
1129 2153 1216 2232 quia

226 2249 357 2327 quidam
384 2249 555 2328 Regulares
583 2247 786 2309 occasionem
811 2249 1089 2311 reclamationibus
1120 2269 1206 2330 prae-

222 2337 374 2424 buerunt,
387 2346 617 2426 exaggerando,
628 2350 745 2424 praeter
757 2353 898 2409 mentem
912 2347 1114 2426 Pontificum,
1128 2349 1203 2429 jura

224 2443 285 2505 sibi
303 2444 426 2506 indulta
437 2450 492 2506 aut
506 2444 545 2504 iis
560 2445 677 2505 utendo
690 2443 795 2504 minus
811 2444 976 2523 sapienter.

264 2541 440 2604 Concilium
460 2539 547 2602 Trid.
565 2540 604 2599 ad
627 2539 790 2601 solvendas
808 2542 1021 2620 difficultates
1036 2543 1202 2623 privilegia

222 2639 318 2700 simul
333 2637 466 2701 servavit
478 2644 510 2700 et
523 2637 723 2717 temperavit,
737 2638 813 2699 dum
825 2639 918 2717 plura
928 2641 1030 2703 sanxit
1040 2661 1110 2721 quae
1124 2661 1200 2706 mox

223 2739 406 2800 referamne.
1126 2803 1131 2814 ,

262 2835 408 2915 Plerique
437 2831 577 2912 religiosi
605 2832 733 2896 ordines
757 2833 886 2913 proprie
912 2835 989 2898 dicti
1011 2836 1138 2901 luerunt
1166 2843 1198 2899 et

220 2933 315 2997 hodie
345 2938 533 3013 permanent
560 2930 711 3009 exempti.
738 2931 888 3010 Religiosi
918 2933 1023 2994 Galliis
1046 2935 1197 2998 ordinum

220 3038 440 3110 exemptorum
462 3029 578 3091 haberi
596 3028 713 3089 debent
727 3046 785 3107 pro
804 3030 969 3108 exemptis,
987 3031 1047 3093 nisi
1068 3041 1195 3097 contra·

218 3128 302 3188 rium
324 3130 357 3190 S.
383 3130 481 3191 Sedes
508 3125 712 3205 expresserim
736 3125 895 3188 restrictio
915 3127 997 3190 iacta
1018 3135 1065 3191 est
1087 3132 1194 3194 solum

218 3225 322 3302 quoad
344 3225 536 3305 Trappistas.
558 3223 710 3285 Moniales
734 3222 852 3299 Gallim,
874 3224 933 3286 etsi
951 3226 1130 3303 pertineant
1150 3229 1190 3290 ad
1276 3245 1277 3250 ¹

216 3322 344 3383 ordines
368 3328 542 3400 exemptos,
567 3339 631 3383 non
658 3319 813 3382 habendae
838 3327 910 3383 sunt
931 3342 990 3402 pro
1013 3327 1187 3405 exemptis;
1275 3341 1276 3358 ¹

212 3437 288 3481 nam
304 3438 414 3483 eorum
428 3427 499 3483 vota
512 3437 570 3499 pro
588 3418 785 3481 solemnibus
801 3436 820 3480 a
834 3420 866 3482 S.
890 3421 972 3484 Sede
990 3440 1055 3484 non
1074 3442 1191 3506 accep·
1274 3425 1275 3464 l

213 3523 330 3578 tantur.
1273 3541 1274 3550 ¹

251 3615 290 3675 ll.
310 3611 441 3675 Potestas
457 3611 599 3693 Episcopi
621 3613 652 3672 in
675 3621 830 3692 exemptos.
854 3647 894 3662 -
917 3617 962 3678 Ne
983 3619 1187 3696 Regularium
1272 3617 1273 3672 l
