2604 4264
167 247 218 294 lta
334 245 491 292 exroslrto
512 243 692 290 ueruouch
711 245 795 290 tolus
816 245 971 292 eductum.
998 309 1001 316 Ι

166 363 199 426 in
214 362 347 426 ecclesia
371 363 506 423 tirmiter
520 351 734 441 perseverent
750 361 915 424 Pcrlatilia
941 378 1014 423 vero
1033 377 1151 423 couse-

166 467 295 524 orantur
309 467 343 524 ut
357 479 394 523 ex
408 478 472 522 uno
482 459 595 522 locoin
606 458 705 520 alium
720 458 841 538 portari
853 458 985 537 possint.

207 561 239 619 2.
256 559 348 636 Cujus
365 557 472 638 forrum
496 555 634 618 debeant
657 572 724 616 esse
748 557 858 617 altaria
868 557 885 617 2
898 556 1014 632 Primo,
1038 556 1148 636 lignea

166 655 328 736 prioribus
350 655 484 730 saeculis
503 653 620 714 deinde
633 653 760 732 lapidea
778 653 957 716 factasunt.

206 749 351 828 Secundo,
367 751 591 816 tabulaaltaris
602 753 698 815 unico
715 752 821 832 lapide
843 759 975 826 constat,
993 757 1026 814 et
1046 757 1148 815 tautae

170 851 396 930 magnitudinis
410 856 469 927 est,
481 855 516 912 ut
527 867 622 928 super
639 868 676 914 ea
687 852 859 913 commode
875 853 1026 914 collocari
1038 851 1143 931 possit

171 948 336 1010 calixoum
353 955 479 1028 patena.
537 937 541 944 ’
752 1027 753 1030 ¹

219 1045 327 1124 Tertio,
343 1049 452 1110 altaria
476 1047 680 1128 sepulchrum
695 1052 727 1109 et
741 1047 880 1126 sigillum
894 1046 1022 1122 hahent,
1037 1045 1071 1106 id
1087 1050 1148 1120 est,

172 1149 338 1215 cavitatem
352 1146 491 1224 aliquam
508 1146 542 1206 in
553 1131 615 1224 qua
626 1143 770 1224 reliquiae
783 1150 963 1206 sanctorum
973 1141 1150 1206 recludun-

172 1255 239 1312 tur.

213 1349 243 1408 3.
258 1342 440 1406 Cooseerotio
453 1340 558 1402 allaris
571 1341 815 1415 necessariaest,
833 1341 876 1402 ita
886 1340 1153 1419 utgrauissimum

100 1455 101 1458 ’
172 1447 340 1522 peceatum
355 1436 570 1501 committeret
592 1439 656 1515 ille,
675 1439 728 1518 qui
747 1439 968 1501 celebraretin
982 1437 1073 1500 altari
1084 1455 1153 1498 non

174 1544 375 1602 consecrate.

214 1641 259 1700 De
273 1639 342 1714 jure
364 1633 526 1695 communi
551 1633 661 1694 altaria
689 1639 762 1696 sunt
790 1635 829 1695 ab
857 1636 1017 1715 Episcopo
1045 1653 1156 1698 couse-

174 1736 300 1799 cranda.
319 1736 380 1794 lste
395 1738 483 1794 actus
499 1730 620 1793 ordinis
639 1733 828 1812 episcopalis
846 1735 973 1796 nonnisi
986 1751 1005 1794 a
1018 1736 1156 1796 Summo

174 1832 328 1896 Pontissce
341 1830 534 1910 presbyteris
552 1830 691 1909 delegari
704 1835 822 1909 potest.
895 1843 900 1860 ·

212 1935 244 1992 t.
267 1931 372 1992 Altare
396 1928 497 1991 tribus
527 1929 630 1989 modis
651 1936 835 1989 careretur:
865 1929 970 1990 Pruna
997 1933 1156 1990 causaest

175 2029 318 2108 ejusdem
340 2027 428 2088 laesio
450 2023 599 2086 enormis.
623 2023 774 2086 Censetur
788 2031 894 2088 autem
907 2029 1005 2088 altare
1018 2025 1159 2087 enormi·

175 2132 224 2188 ter
243 2126 391 2196 fractum,
409 2125 435 2184 si
448 2123 529 2186 calix
543 2139 617 2185 eum
639 2127 752 2201 patena
767 2128 798 2185 et
817 2125 921 2186 hostia
939 2125 971 2184 in
989 2123 1160 2201 nullaejus

177 2223 299 2301 integra
314 2226 403 2298 parte
416 2219 588 2281 consistere
597 2219 708 2298 possit.
721 2221 790 2281 lrno
806 2227 950 2282 execrata
962 2222 1021 2282 erit
1031 2220 1155 2293 tabula,

177 2320 204 2381 si
218 2336 291 2397 pars
312 2319 410 2378 fracta
421 2335 514 2377 unam
528 2314 689 2378 contineat
711 2334 750 2378 ex
765 2318 914 2380 crucibus
929 2319 968 2380 ab
992 2317 1154 2396 Episcopo

177 2414 355 2496 specialiter
370 2413 549 2476 benedictis
567 2413 616 2494 (ll.

218 2515 324 2575 Altera
339 2530 431 2572 causa
446 2515 493 2571 est
507 2509 636 2572 violatio
650 2511 821 2590 sepulchri.
838 2512 920 2572 lllud
932 2517 1039 2573 autem
1051 2528 1165 2574 cense-

179 2612 403 2683 turviolatum‚
430 2609 555 2688 quando
568 2608 691 2670 tollitur
711 2614 765 2671 aut
775 2609 945 2688 treuguas,
966 2611 1009 2671 ita
1026 2613 1062 2670 ut
1076 2625 1164 2670 amo·

67 2781 73 2793 ¹
180 2704 469 2786 taesintreliquiae·

136 2817 142 2824 ·
222 2804 319 2867 Tertia
337 2823 431 2867 causa
443 2803 635 2866 estremotio
645 2802 760 2882 lapidis
771 2803 971 2883 superiorisa
985 2802 1053 2865 basi
1068 2803 1103 2890 in
1116 2803 1163 2862 al-

181 2903 325 2964 taritixo.

219 3003 252 3062 ὃ.
282 3003 437 3062 Execrato
465 2986 569 3078 altari,
589 3016 668 3060 vnou
690 2997 1022 3068 execraturecclesia,
1053 3011 1162 3073 neque

182 3103 346 3158 execratur
365 3101 464 3160 altare
476 3115 533 3176 per
558 3097 792 3160 execrationem
809 3096 966 3157 ecclesiae.
991 3093 1087 3156 ilatio
1104 3098 1166 3166 est,

183 3189 257 3268 quia
272 3194 415 3256 eoelesiae
434 3203 465 3256 et
473 3195 579 3257 altaris
593 3192 790 3257 consecratio
805 3197 867 3255 stat
882 3211 986 3273 perse
1002 3191 1166 3272 principa-

183 3285 267 3362 liter,
286 3305 345 3348 nec
361 3292 570 3362 unaalterius
586 3297 634 3354 est
648 3292 837 3354 accessoria.

224 3381 325 3445 Aliter
339 3403 413 3448 vero
432 3389 605 3454 dicendum
621 3391 660 3452 de
677 3389 875 3468 pollutione:
892 3405 966 3448 uam
982 3385 1076 3450 altari
1093 3385 1165 3464 pol·

219 3581 252 3642 (¹)
268 3580 413 3644 Gardelliui,
428 3583 453 3633 in
463 3585 611 3640 decisionem
623 3587 826 3650 (lougmgetiouis
837 3589 949 3648 Rittium,
960 3595 988 3634 ue
999 3587 1074 3636 tttt.
