2604 4264
225 271 278 320 lac
388 273 547 320 nxeoslulo
566 271 746 318 ucuflonch
765 271 849 317 sums
871 271 1028 318 canorum.

420 541 425 558 ,
444 480 460 544 b
476 480 502 531 1·
517 507 550 520 -
562 480 652 534 Varia
668 480 776 548 speeies
791 479 973 534 oblationum.

263 653 287 712 Ι.
306 647 382 710 Olim
395 648 454 708 trio
473 647 650 709 oblationum
668 667 775 730 penca
788 648 926 708 luerunt.
944 646 1089 707 Primum
1107 663 1214 728 genus

222 752 292 809 erat
316 763 426 808 earum
454 763 561 806 rerum
586 765 657 825 quae
675 747 714 806 ad
738 746 837 806 altare
861 743 1046 806 serebantur
1060 749 1212 824 ternpore

225 843 393 918 sacrificii;
424 848 501 905 tune
526 844 657 923 quidem
687 844 797 906 fideles
824 843 1001 922 prasertim
1031 844 1211 907 offerebant

224 958 343 1023 panem
365 946 397 1003 et
415 942 535 1018 vinum,
560 942 732 1021 exquibus
755 941 952 1002 Eucharistia
979 943 1207 1018 conficeretur,

225 1040 350 1119 aliaque
372 1057 514 1115 munera,
533 1057 604 1117 quae
618 1039 666 1101 vel
685 1039 775 1101 altari
798 1040 847 1101 vel
871 1039 996 1100 clericis
1018 1039 1143 1100 alendis
1159 1039 1212 1099 in·

226 1139 390 1200 servirent.
411 1141 490 1200 Cum
507 1139 561 1198 illa
576 1139 670 1199 desiit
689 1138 779 1218 panis
802 1155 839 1200 ac
860 1137 924 1200 viui
949 1137 1081 1213 oblati0‚
1112 1138 1211 1217 coepit

225 1236 332 1298 offerri
347 1237 493 1315 pecunia,
509 1235 595 1296 unde
610 1235 714 1297 missae
727 1235 932 1297 honorarium
943 1239 1050 1297 ortum
1065 1241 1126 1298 est.

265 1335 409 1395 Alterum
426 1336 493 1394 erat
504 1347 603 1409 genus
619 1317 817 1393 oblationum
828 1349 898 1410 quaa
912 1337 1000 1393 extra
1012 1333 1207 1394 sacrificium

225 1449 285 1511 pro
301 1429 434 1491 arbitrio
449 1428 673 1490 deferebantur
690 1430 723 1489 in
735 1428 985 1510 pozopbylacium,
997 1432 1090 1491 utvel
1104 1430 1206 1493 cultui

225 1529 344 1602 divino,
361 1528 408 1589 vel
426 1528 522 1602 clero,
539 1527 586 1588 vel
602 1527 794 1606 pauperibus
812 1529 1016 1606 proficerent.
1038 1528 1093 1588 His
1115 1528 1205 1590 obla-

224 1625 364 1686 tionibus
377 1642 414 1686 ea
428 1642 559 1686 munera
573 1631 802 1700 successerunt,
821 1644 892 1705 qua
909 1644 928 1687 a
942 1626 1091 1688 fidelibus
1106 1627 1142 1687 in
1155 1644 1205 1687 ar·

225 1721 307 1784 culis
322 1723 528 1785 ecclesiarum
542 1723 769 1785 immittuntur.

265 1821 409 1884 Tertium
426 1828 493 1884 erat
506 1840 605 1903 genus
619 1841 728 1884 earum
740 1841 859 1900 rerum,
876 1841 954 1902 quas
964 1823 1075 1885 fideles
1086 1823 1122 1883 in
1135 1840 1204 1885 exe-

226 1920 309 1999 quiis
324 1926 536 1995 mortuorum,
549 1923 583 1982 in
595 1921 805 2001 suscipiendis
814 1923 1031 1999 sacramentis,
1046 1921 1122 1983 etin
1137 1920 1202 1982 aliis

225 2017 1201 2099 sacrisfunctionibuslargiebantur.lndenatasuntjoroatoloe,
1263 2069 1264 2082 ,

226 2132 297 2192 quae
312 2116 473 2196 praecipue
484 2117 632 2196 parochis
644 2122 717 2196 post
731 2118 949 2180 administrata
960 2134 1049 2178 sacra
1061 2116 1200 2179 tribuun-

225 2214 289 2271 tur.

262 2308 302 2368 11.
314 2307 472 2371 Hodierna
481 2310 647 2372 oblationes.
657 2345 698 2357 —
707 2317 734 2374 l.
746 2311 1079 2373 Honororiamt'sooram
1086 2309 1199 2392 partim

226 2402 439 2484 subrogantur
453 2409 669 2471 oblationibus
683 2409 833 2488 antiquis,
849 2408 964 2488 quibus
977 2410 1086 2470 fideles
1100 2409 1199 2486 singu·

224 2501 283 2562 lari
298 2504 395 2565 modo
409 2505 579 2585 participes
600 2508 745 2570 sacrificii
761 2507 828 2582 fieri
850 2505 1071 2582 intendebant,
1087 2505 1199 2585 partim

226 2599 421 2660 considerari
436 2601 553 2666 debent
567 2609 719 2684 tanquam
734 2606 936 2686 eleemosyna
945 2623 1016 2684 quae
1027 2605 1067 2665 ad
1082 2608 1199 2666 susten·

225 2694 380 2756 lationem
395 2699 598 2760 sacerdotum
611 2702 784 2765 confertur.

264 2797 295 2858 2.
312 2795 470 2868 Pecunia,
486 2799 610 2878 aliaque
625 2817 757 2861 munera
776 2802 823 2862 vel
834 2801 873 2861 ad
886 2801 995 2874 altare,
1008 2799 1057 2860 vel
1076 2798 1110 2859 iu
1123 2799 1198 2861 arcis

226 2889 431 2954 eeclesiarum
446 2911 463 2954 a
479 2895 625 2960 lldelibus
637 2903 749 2976 sponte
764 2898 951 2960 offeruntur.

264 2993 295 3054 3.
314 2991 392 3053 Jaro
408 2993 491 3055 stolae
505 3001 578 3057 sunt
598 2996 768 3057 honoraria
780 3015 862 3075 qua,
881 2995 1048 3058 occasione
1068 2995 1200 3058 functio·

224 3103 304 3147 num
319 3091 544 3168 spiritualium,
558 3093 592 3154 in
602 3095 854 3174 recognitionem
864 3093 1098 3174 jurisdictionis
1110 3111 1199 3172 paro·

225 3183 335 3246 chialis
350 3194 392 3249 et'
402 3209 460 3267 pro
475 3193 705 3255 sustentatione
730 3191 992 3254 beneficiatorum
1007 3193 1196 3270 penduntur,

222 3296 340 3359 nempe
354 3289 440 3360 tunc,
458 3305 532 3349 cum
547 3291 704 3367 parochus
726 3290 760 3350 in
782 3289 947 3368 eujusdam
969 3290 1111 3351 levorem
1124 3291 1199 3351 stola

224 3376 333 3441 utitur.
351 3382 400 3442 Ab
413 3383 505 3446 initio
514 3386 584 3448 haec
595 3387 728 3448 donaria
741 3391 830 3448 erant
844 3394 1030 3465 spontanea,
1043 3387 1101 3447 sed
1116 3387 1200 3466 lapsu

223 3477 380 3554 temporis
395 3479 478 3541 lacta
490 3487 563 3544 sunt
577 3483 776 3561 obligatoria,
786 3489 855 3545 tum
868 3483 941 3563 quia
950 3488 1075 3564 partem
1083 3490 1199 3546 susten-

224 3571 355 3635 tationis
373 3577 574 3640 sacerdotum
592 3582 718 3644 efficere
738 3580 959 3659 censebantur,
976 3586 1045 3642 tum
1066 3599 1125 3660 per
1137 3584 1199 3644 lau-
