2590 4262
244 231 295 277 att
408 231 564 276 exaustum
586 191 762 274 uanflootct
783 230 866 274 sums
888 231 1044 280 canonici.

503 439 518 502 ἓ
530 439 555 490 t.
567 466 598 475 —
609 437 646 490 Ba
662 437 956 492 excommunicatione.

277 609 300 670 1.
327 607 392 670 nasi
414 626 517 668 nomen
543 603 881 668 excommunicationis
904 607 983 668 olim
1012 607 1052 668 ad
1072 623 1226 670 censuras

244 705 401 769 universas
416 705 511 768 etiam
526 703 665 766 minores
679 703 902 782 significandas
918 710 1133 783 usurparetur,
1144 725 1226 786 pos·

242 809 294 866 tea
314 809 422 866 tamen
437 807 636 865 contractum
648 799 717 877 fuit,
734 796 768 864 u't
787 800 943 881 significet
963 819 1134 864 censuram
1151 822 1221 866 om·
1292 797 1293 858 ³

240 902 330 963 nium
348 901 564 980 gravissimam
581 919 600 961 a
617 900 825 978 suspensione
847 906 878 962 et
901 900 940 961 ab
959 900 1135 964 interdicto
1158 901 1224 965 dis-
1292 891 1293 946 i

240 999 385 1062 tinctam:
1292 997 1293 1000 ’

279 1095 444 1158 Aaottema
457 1095 602 1174 designat
621 1097 670 1156 vet
685 1093 1053 1157 excommunicationem
1068 1095 1168 1156 latam
1188 1095 1221 1153 in

242 1193 412 1256 haeretioos
430 1193 484 1272 (t),
509 1193 557 1253 rel
580 1191 796 1253 solemnitates
820 1198 851 1252 et
869 1192 1077 1254 caeremonias
1096 1209 1170 1270 qum
1189 1191 1222 1250 in

241 1284 375 1354 terenda
387 1287 715 1352 excommunicatione
729 1289 919 1367 quandoque
933 1289 1138 1350 adhibentur.

178 1449 179 1453 ,
279 1390 319 1450 ll.
336 1385 634 1449 Excommunicatio
649 1386 799 1448 definitur
815 1405 937 1447 annaeo
950 1385 1143 1448 ecclesiastico
1154 1386 1222 1467 pri-

241 1506 314 1549 vans
329 1484 521 1546 christianum
532 1483 613 1543 omni
624 1483 815 1544 ecclesiastico
828 1485 1034 1546 communione.
1051 1485 1136 1546 Sane
1152 1501 1220 1546 om-

240 1584 288 1646 nis
304 1584 436 1645 societas
450 1582 545 1644 habet
560 1582 612 1660 jus
627 1580 806 1660 expellendi
820 1583 931 1643 noxios
944 1581 1111 1656 homines;
1131 1581 1219 1659 atqui

238 1679 389 1744 Ecclesiae
410 1680 564 1758 competit
587 1680 700 1742 eadem
719 1685 868 1764 potestas,
891 1685 959 1741 tum
983 1679 1057 1758 quia
1080 1679 1152 1758 ipsa
1174 1684 1220 1740 est

239 1779 373 1841 societas
391 1779 541 1856 perfecta,
562 1783 632 1838 tum
647 1777 722 1856 quia
737 1778 825 1838 illam
840 1783 1033 1857 potestatem
1055 1794 1074 1838 a
1093 1776 1220 1840 Christo

239 1861 372 1952 accepit.
390 1876 425 1935 ld
440 1892 505 1935 non
520 1876 618 1935 semel
634 1880 664 1936 et
677 1872 783 1936 verbis
795 1879 826 1935 et
838 1875 923 1936 iacto
938 1875 1052 1935 Paulus
1066 1875 1220 1936 ostendit.

278 1974 331 2036 ΙΙΙ.
359 1972 572 2034 celeberrima
595 1977 642 2034 est
676 1972 790 2034 divisio
815 1972 1159 2034 excommunicationis
1188 1972 1221 2032 in

240 2071 381 2152 majorem
392 2075 424 2132 et
434 2071 585 2132 minorem.
599 2069 632 2132 E
631 2069 872 2130 ccommoniootio
883 2071 989 2132 minor
999 2070 1098 2152 privat
1107 2085 1222 2146 recep-

241 2164 329 2228 tione
355 2172 645 2241 sacramentorum
670 2169 702 2228 at
728 2165 1067 2228 excommunicationis
1095 2164 1222 2246 majoris

183 2329 188 2337 ,
242 2270 315 2327 sunt
329 2264 423 2328 multi
439 2270 592 2344 etgraves
611 2265 756 2341 effectus,
772 2264 930 2344 siqnidem
951 2265 1053 2344 privat
1068 2263 1220 2325 omnibus

243 2363 428 2424 christianae
442 2362 677 2424 communionis
685 2362 819 2441 juribus,
831 2378 948 2440 nempe
963 2358 1112 2423 omnibus
1127 2358 1219 2422 bonis

242 2478 314 2538 quae
342 2459 507 2539 subjacent
525 2459 740 2538 jurisdictioni
760 2464 792 2520 et
815 2457 1031 2522 distributioni
1051 2457 1217 2522 Ecclesiae.

240 2559 387 2620 Jamrero
396 2556 634 2636 ubigeneratim
644 2559 679 2620 nt
690 2555 811 2619 mentio
824 2557 864 2618 da
872 2553 1216 2630 excommunicatione,

240 2673 368 2736 semper
385 2655 592 2734 intelligenda
606 2660 653 2717 est
663 2655 952 2718 excommunicatio
971 2655 1084 2734 major.
1292 2641 1293 2652 ¹

275 2801 398 2866 Quasno
416 2804 440 2856 t.
457 2801 496 2856 De
518 2797 667 2880 effectibus
681 2799 987 2856 excommunicationis
1000 2799 1032 2855 in
1045 2813 1218 2855 excommu·

238 2889 347 2947 nicato.

276 2978 400 3042 ansno
414 2981 442 3034 a.
457 2979 497 3034 tte
521 2976 784 3034 communicatione
802 2973 934 3034 fidetium
958 2991 1028 3034 cum
1046 2989 1216 3034 exeommu-
1292 3015 1293 3060 p

239 3065 351 3124 nicatis.
1292 3067 1293 3082 ³

267 3260 301 3320 (t)
317 3259 454 3310 concilium
463 3261 635 3311 'tridentinum
649 3261 676 3311 in
689 3261 826 3312 canonibus
838 3259 994 3323 dogmaticis.

271 3337 306 3405 (²)
322 3336 426 3402 Giratdi,
439 3343 569 3406 depositio
575 3341 647 3408 juris
656 3342 790 3408 pontificii,
800 3342 844 3394 lib.
857 3343 886 3404 V,
900 3341 938 3392 tit
952 3353 1041 3390 xxxix.
