2594 4286
427 299 429 304 ·
452 272 525 323 atas
546 272 710 324 eructans.
945 276 949 292 ¹
1034 271 1068 322 ii

89 386 286 472 Episcopum
308 395 435 472 quando
458 392 562 475 agitur
585 396 625 458 de
641 393 723 459 rotis
737 392 828 457 iactis
843 391 876 456 in
894 395 1069 474 congrega·

89 489 177 553 tione
199 490 290 571 eujus
310 499 357 554 est
370 492 531 572 Superior.
549 494 707 566 Quatenus
723 491 886 573 Superior,
902 492 953 573 jus
972 492 1070 556 habet

90 587 299 669 dispensandi
315 597 419 653 avolo
432 590 620 667 stabilitatis,
634 597 816 652 remanente
831 597 904 654 voto
919 588 1070 652 castitatis

90 685 116 748 si
132 689 255 750 lactum
271 687 366 750 luerit
388 688 531 752 absolute
550 688 582 750 in
599 695 799 769 perpetuum.
818 688 851 752 Si
869 685 1071 769 congregatio

89 785 210 848 habeat
224 788 336 848 domos
349 785 382 846 in
397 786 539 865 pluribus
553 785 751 859 dioeeesihus,
771 792 802 849 et
815 785 989 868 Episcopus
1007 781 1072 846 loci

91 877 151 940 uhi
176 877 235 940 sita
251 883 300 940 est
319 880 433 940 domus
457 878 653 959 principalis,
684 879 724 942 sit
744 878 895 960 Superior
916 875 1073 959 generalis

92 970 193 1034 totius
208 969 338 1047 ordinis,
355 973 394 1033 ad
409 989 483 1035 eum
493 973 785 1036 recurreredehent
794 971 849 1053 qui
863 970 1074 1052 dispensatio·

93 1082 170 1126 nem
185 1065 358 1144 postulant.

134 1162 276 1236 Quoties.
298 1161 466 1226 intervenit
489 1163 644 1244 promissio
666 1163 903 1246 perseuerantiae,
929 1161 1075 1225 membra

96 1257 386 1340 Congregationnm
401 1279 471 1340 quae
487 1266 585 1326 status
598 1259 736 1340 religiosi
752 1258 922 1323 essentiam
934 1277 1006 1321 non
1019 1260 1076 1321 ha-

97 1359 184 1434 bent,
201 1376 218 1419 a
232 1357 443 1437 promissione
458 1363 488 1420 et
502 1357 582 1420 votis
597 1377 661 1420 non
676 1359 851 1433 solvuntur,
864 1356 925 1418 nisi
940 1360 1076 1437 Congre-

96 1455 183 1536 gatio
210 1458 258 1518 vel
283 1455 428 1518 Pontifex
453 1455 644 1531 consentiam
668 1455 808 1535 alioquin
841 1454 1034 1536 dispensatio
1060 1473 1077 1517 a

97 1553 311 1633 promissione
326 1561 409 1617 esset
424 1554 455 1616 in
470 1555 691 1635 praejudicium
707 1554 803 1617 tertii.

139 1655 190 1717 lv.
214 1653 364 1714 Troasitus
384 1653 563 1734 repertorium
579 1654 619 1715 od
630 1653 717 1714 aliam
731 1653 907 1735 religionem.

139 1754 168 1812 l.
178 1753 224 1812 Ex
234 1749 463 1814 Innocentiilll
474 1750 625 1813 decretali
633 1751 724 1828 Licet,
733 1750 883 1813 transitus
896 1770 914 1812 a
925 1750 1077 1833 religione

95 1848 210 1912 laxiori
232 1852 271 1910 ad
290 1848 481 1911 strictiorem
497 1854 544 1911 est
558 1848 789 1923 licitus-modo
803 1851 856 1912 liat
871 1868 909 1911 ex
920 1852 987 1912 zelo
1006 1849 1077 1912 vitae

97 1946 250 2023 melioris,
264 1945 466 2025 petitaprius,
481 1945 627 2009 lieetnon
639 1947 780 2024 obtenta,
795 1946 971 2026 Superioris
982 1946 1078 2010 licen·

94 2045 152 2109 tia.
1080 2106 1084 2118 ,

140 2148 170 2206 2.
188 2143 351 2206 Transitus
365 2145 404 2205 ad
427 2144 574 2206 ordinem
595 2142 723 2224 aequalis
738 2141 905 2222 rigiditatis
921 2150 967 2207 est
980 2143 1076 2207 etiam

98 2242 216 2317 licitus,
233 2244 289 2304 sed
311 2243 377 2323 jam
396 2241 510 2322 majori
532 2260 625 2306 causa
642 2241 795 2305 existente
809 2249 840 2305 et
860 2242 1078 2306 intercedente

97 2339 230 2404 licentia
245 2339 433 2420 Superioris,
455 2343 503 2404 vel
520 2340 575 2404 tali
588 2360 653 2403 non
665 2340 818 2404 existente
830 2360 926 2405 causa
940 2359 977 2404 ex
991 2341 1079 2404 venia

97 2437 275 2504 pontificis.

139 2542 169 2602 3.
185 2537 350 2601 'transitus
369 2538 409 2600 ad
424 2535 570 2600 ordinem
583 2536 736 2600 laxiorem
757 2556 821 2602 non
835 2541 870 2601 fit
882 2537 943 2601 nisi
959 2556 997 2601 ex
1012 2537 1079 2602 dis-

99 2636 288 2719 pensatione
302 2635 475 2700 Pontificis.

139 2742 171 2799 4.
195 2737 245 2798 Ad
274 2733 528 2814 dignoscendum
551 2753 591 2796 an
611 2735 716 2815 aliqua
743 2735 855 2817 religio
879 2735 918 2798 sit
947 2733 1077 2815 arctior,

98 2831 277 2897 attenditur
303 2851 369 2895 non
398 2833 503 2895 solum
525 2832 597 2894 linis
623 2833 744 2896 ordinis
775 2841 806 2896 et
829 2831 979 2914 primaria
1011 2834 1078 2913 ejus

99 2931 270 3008 institutio,
302 2933 356 2994 sed
391 2931 487 2995 etiam
520 2930 651 2994 actualis
674 2930 881 2996 observantia.
913 2933 959 2992 Ex
993 2949 1079 2994 com·

100 3030 190 3094 muni
209 3047 367 3093 consensu
387 3029 498 3109 religio
518 3028 787 3093 carthusiensium
810 3027 986 3092 arctissima
1005 3047 1081 3093 cen·

102 3135 201 3192 satur.

140 3230 173 3289 5.
195 3223 287 3288 llulti
309 3225 436 3288 ordines
456 3223 656 3305 privilegium
677 3224 806 3298 habent,
822 3228 856 3285 ut
875 3223 1022 3287 transitus
1039 3225 1078 3286 ad
1148 3261 1151 3266 -

99 3323 293 3405 religionem
304 3323 472 3386 arctiorem
486 3340 548 3385 non
563 3323 617 3382 slat
627 3320 687 3382 nisi
700 3321 829 3384 obtenta
839 3320 977 3383 lieentia.

143 3417 1077 3502 'V.Regularisadparochiamvelllpiscopatumassumptus,

100 3518 402 3599 nonaprofessione
412 3515 570 3591 eximitur,
588 3518 643 3578 sed
656 3522 779 3580 tantum
790 3517 829 3578 ab
836 3515 1081 3595 obligationibus

102 3636 176 3698 quae
190 3617 332 3680 officinm
347 3623 399 3680 ant
416 3613 599 3696 dignitatem
615 3614 718 3678 minus
734 3617 858 3680 decent.
877 3616 984 3687 Quoad
1003 3614 1081 3678 ohe·
