2590 4262
457 309 531 352 PARS
553 309 716 356 sanemus,
1021 307 1072 354 aba

99 428 147 488 rel
159 428 313 487 nocentes
325 424 395 501 plus
409 440 501 500 aequo
514 423 680 502 puniendi.
697 424 778 485 Hinc
789 424 903 485 merito
917 421 1075 486 Benedic-

9 529 10 532 ’
97 532 148 587 tus
167 524 236 585 XIV
250 520 338 595 dicit,
358 520 644 599 reprehensibilem
658 523 728 583 iore
747 521 951 600 Episcopum,
968 521 1024 600 qui
1041 521 1074 580 in

99 621 222 703 synodo
237 619 425 694 declararet,
442 635 476 680 se
491 616 640 698 deinceps
653 637 692 680 ex
705 619 825 698 privata
839 625 963 681 tantum
976 618 1075 682 scien-

98 719 153 795 tia,
165 734 259 796 poena
271 715 484 793 suspensionis
498 715 791 778 animadversurum
804 717 838 777 in
850 717 983 779 clericos
997 732 1076 794 quos

99 815 237 896 graviter
251 811 421 890 deliquisse
439 813 633 892 compererit
648 813 700 894 (l).

139 917 169 973 2.
186 910 383 991 Regulariter
395 909 559 988 suspensio
571 927 609 972 ex
621 910 791 972 informata
805 911 1002 973 conscientia
1012 928 1077 974 non

99 1012 211 1084 fertur,
228 1008 288 1069 nisi
303 1007 337 1067 cb
351 1005 494 1068 occultum
504 1006 623 1068 crimea.
638 1007 727 1070 llatio
739 1015 796 1082 est,
815 1009 888 1086 quia
901 1009 971 1070 baec
981 1009 1078 1070 lacul-

99 1116 148 1170 tas
174 1104 340 1186 Episcopis
361 1122 513 1167 concessa
534 1109 591 1181 est,
620 1112 656 1168 ut
674 1111 946 1168 sacramentorum
963 1107 1077 1168 honori

100 1205 279 1280 consulant,
306 1223 320 1260 o
346 1203 473 1280 quando
496 1202 648 1264 delictum
663 1220 729 1264 non
753 1208 859 1282 potest
880 1203 914 1262 in
935 1204 1004 1265 soro
1023 1221 1077 1266 ex·

100 1312 194 1366 terno
215 1302 444 1364 concludenter
468 1299 608 1380 probari,
629 1305 683 1361 aut
705 1300 784 1361 illud
806 1318 871 1361 non
894 1301 1023 1380 expedit
1046 1301 1077 1362 in

101 1401 238 1463 aliorum
257 1398 403 1460 notitiam
429 1399 598 1474 deducere,
624 1419 638 1456 n
662 1396 765 1477 inquit
785 1398 975 1459 Benedictus
997 1400 1076 1460 XIV.

102 1496 201 1577 Atqui
223 1498 410 1576 plerumque
435 1495 587 1556 delictum
608 1493 773 1574 publicum
794 1495 989 1573 judicialiter
1005 1515 1080 1575 pro-

100 1594 172 1657 bari
186 1599 302 1673 potest.
323 1596 406 1672 Ergo
422 1598 498 1654 tunc
520 1594 623 1655 solum
646 1609 684 1654 ex
699 1591 869 1652 informata
884 1592 1079 1655 conscientia

102 1689 299 1772 proceditdr,
317 1690 441 1769 quoties
456 1691 536 1751 ordo
550 1690 711 1770 judicialis
724 1688 839 1751 servari
857 1691 976 1769 nequit.

141 1791 179 1850 ll.
197 1786 515 1850 Certz'tcdocousorom
527 1787 699 1866 requiritur
712 1787 775 1848 sive
792 1788 830 1847 ad
847 1785 1080 1865 prohibendam

102 1886 320 1967 receptionem
342 1884 501 1961 ordinum,
523 1885 587 1946 sive
603 1887 650 1947 ad
672 1885 877 1964 infligendam
899 1885 1081 1964 suspensio·

103 2002 177 2046 nem
188 1983 228 2045 ab
247 1982 411 2045 ordinibus
427 1987 457 2044 et
471 1981 586 2044 officio.

144 2085 174 2142 l.
192 2083 271 2142 Cum
285 2081 391 2141 nullus
410 2079 550 2140 ordinari
566 2078 693 2154 debeat,
716 2095 812 2160 quem
826 2079 1001 2158 Episcopus
1017 2072 1082 2138 suae'

106 2176 249 2239 ecclesiae
263 2178 374 2238 utilem
389 2181 443 2238 aut
458 2175 671 2238 necessarium
686 2194 751 2238 non
767 2177 956 2254 judicaverit
971 2175 1024 2256 (E),
1042 2174 1081 2235 ad

105 2275 299 2354 Episcopum
314 2276 445 2353 quidem
465 2279 587 2354 spectat
605 2273 720 2336 electio
740 2275 1029 2352 promovendorum
1041 2272 1080 2334 ad

95 2371 245 2433 ordines.
262 2373 381 2434 Verum
405 2371 565 2433 ordinatio
587 2389 653 2433 non
667 2373 841 2452 denegatur
855 2373 923 2433 sine
939 2371 1083 2451 legitima

108 2486 202 2532 causa
214 2469 265 2550 (3).

147 2568 176 2629 E.
189 2569 235 2628 Ex
246 2584 284 2628 eo
293 2567 378 2645 quod
389 2565 538 2645 Episcopi
549 2566 687 2629 babeant
697 2569 880 2629 facultatem
889 2563 1083 2645 procedendi

108 2683 145 2726 ex
170 2665 339 2726 informata
360 2664 566 2739 conscientia,
591 2682 656 2728 non
677 2665 830 2743 sequitur,
849 2681 902 2726 eos
925 2663 971 2723 sic
991 2675 1083 2739 agere

108 2777 199 2841 posse
217 2760 284 2823 sine
298 2759 529 2822 sufficientibus
543 2761 796 2842 probationibus.
810 2762 948 2822 infertur
959 2761 1083 2820 tantum

108 2876 173 2920 non
186 2858 306 2938 requiri
316 2875 503 2937 processum
515 2857 711 2935 judicialem.
724 2859 793 2918 Imo
808 2874 872 2917 non
887 2855 962 2916 satis
977 2858 1036 2928 est,
1049 2858 1086 2912 ut

107 2954 310 3034 probationes
329 2955 434 3034 ipsum
457 2954 652 3032 Episcopum
670 2954 859 3014 convincere
871 2952 995 3028 valeant
1007 2970 1015 3024 ;
1029 2950 1084 3011 sed

107 3052 312 3131 requiruntur
330 3051 532 3130 probationes
547 3051 663 3130 quibus
685 3048 839 3110 delictum
853 3054 997 3111 constare
1012 3065 1086 3128 pos-

107 3149 148 3212 sit
162 3149 246 3226 apud
268 3149 417 3210 Sanctam
439 3150 566 3224 Sedem,
592 3147 617 3206 si
632 3147 714 3206 forte
737 3162 882 3207 recursus
900 3163 1085 3225 asuspenso

109 3246 304 3308 instituatur.

137 3423 172 3482 (t)
183 3420 334 3472 Benedictus
347 3419 410 3477 xlv,
422 3417 453 3467 de
462 3417 571 3482 synodo,
584 3418 626 3467 lib.
641 3417 696 3478 llll,
709 3430 764 3477 cap.
776 3431 830 3466 vm.

138 3501 171 3562 (2)
186 3501 323 3555 Concilium
338 3498 518 3560 Tridentinum,
534 3512 594 3548 sess.
608 3499 699 3556 XXlll,
713 3510 767 3558 cap.
779 3511 829 3545 xvi.

140 3584 174 3641 (3)
194 3581 335 3631 Declaratio
358 3577 561 3643 Congiogationis
579 3578 680 3629 Concilii
697 3591 712 3626 a
732 3577 847 3639 Gregorio
867 3577 926 3626 lllll
939 3576 1087 3637 approbata,

110 3661 150 3710 die
161 3663 188 3710 21
203 3661 290 3723 aprilis
304 3664 374 3712 1668.
