2594 4286
454 297 539 342 'PARS
561 295 725 342 SPECIALIS.
1001 343 1004 347 ,
1050 295 1082 344 Η

100 415 288 478 substantiae
313 416 412 495 ipsius
436 419 547 476 auctor
569 412 639 474 iuit.
665 415 802 478 Proinde
821 415 962 478 Christus
981 415 1086 496 potuit

100 521 220 578 statum
240 516 424 592 religiosum
438 513 605 574 instituere
622 514 725 592 quoad
749 515 970 588 substantiam,
987 514 1085 577 relin-
1147 549 1151 558 ·

101 614 233 692 quando
250 612 401 674 Ecclesia
416 611 600 672 facultatem
615 609 754 688 eligendi
768 609 869 672 varios
885 613 998 673 modos
1013 611 1085 690 qui-

100 710 161 770 bus
172 709 363 788 suscipiatur
375 707 438 768 vita
452 705 610 783 religiosa.

143 805 235 867 Proh.
255 809 296 867 1⁰.
323 804 473 866 Textibus
491 802 651 880 Evangelii
666 801 780 880 quibus
806 790 946 870 Christus
962 803 1086 882 praxim

101 903 251 965 stabilem
261 921 317 964 seu
331 907 403 964 vota
414 900 623 963 consiliorum
634 901 853 974 commendam
865 899 952 962 verbi
961 901 1063 980 gratia
1076 921 1084 964 :

102 1000 144 1061 Si
154 1001 196 1062 vis
208 999 357 1082 perfectus
371 1019 438 1074 esse,
455 997 544 1060 cende
557 1016 624 1078 quae
647 995 732 1059 tales
754 1005 782 1058 et
798 997 835 1058 do
852 998 1039 1080 pauperibus,
1061 1007 1090 1059 et

103 1099 179 1173 oeni,
189 1117 307 1179 sequere
317 1117 371 1158 me.
387 1097 522 1177 (claun,
540 1113 600 1171 xlx,
614 1095 678 1174 al).
697 1095 793 1174 Atqui
805 1095 1087 1158 substantiastalus

103 1195 246 1274 religiosi
262 1195 407 1258 consistit
418 1195 450 1256 in
470 1195 572 1256 tribus
588 1195 681 1256 votis.

144 1295 176 1354 2⁰
187 1292 383 1355 Auctoritate
395 1295 536 1366 Patrum,
550 1309 685 1370 quorum
695 1291 749 1351 alii
764 1291 912 1352 dixerunt
925 1291 1086 1353 Christum
1147 1315 1151 1324 ⁴

103 1408 162 1453 nos
177 1393 216 1452 ad
235 1395 352 1452 statum
371 1390 553 1468 religiosum
577 1390 718 1451 consiliis
743 1389 916 1464 vocavisse3
932 1389 985 1451 alii
1001 1389 1086 1452 huno

105 1493 225 1550 statum
237 1489 398 1569 appellant
407 1486 626 1568 philosophiam
640 1507 659 1547 a
675 1487 698 1549 C
700 1487 792 1548 bristo
804 1484 981 1562 institutam,
993 1487 1086 1548 intro·

105 1585 244 1663 ductam·
257 1587 310 1648 alii
326 1589 481 1649 extollunt
507 1587 603 1648 vitam
619 1587 799 1663 religiosam
815 1592 851 1655 ut
875 1586 1087 1650 imitationem

106 1687 179 1747 vitae
191 1702 286 1762 quam
305 1685 446 1746 Christus
458 1702 532 1746 cum
544 1685 609 1746 suis
623 1684 784 1762 Apostolis
798 1684 946 1746 institnit.

145 1787 179 1844 3⁰
205 1785 250 1844 Ex
281 1789 358 1846 nota
381 1783 556 1845 sanctitatis
580 1782 731 1844 Ecclesiae
756 1782 923 1847 catholicae
946 1782 1084 1861 propria.

107 1881 305 1944 Sanctitasin
317 1881 459 1942 Ecclesia
471 1879 663 1942 manifestari
675 1878 770 1941 debet
783 1879 934 1942 exercitio
943 1879 1087 1942 omnium

105 1980 260 2041 virtutum
282 1979 316 2040 in
339 1995 465 2040 summo
492 1979 602 2058 gradu,
628 1979 671 2038 ita
694 1983 730 2039 ut
751 1978 884 2040 consilia
910 1979 1088 2056 evangelica

106 2077 350 2157 complectatur.
373 2071 469 2156 Atqui
490 2076 617 2154 publica
636 2074 792 2154 professio
810 2075 1018 2136 consiliorum
1041 2082 1089 2141 est

106 2177 244 2256 ipsemet
257 2181 356 2236 status
371 2175 546 2252 religiosus.
563 2176 647 2254 Ergo
661 2178 760 2236 status
776 2171 940 2252 religiosus
950 2173 1089 2252 pertinet

108 2273 147 2334 ad
159 2274 360 2351 sanctitatem
373 2272 525 2333 Ecclesiae
541 2271 666 2332 Christi.

147 2372 248 2450 igitur
262 2373 367 2433 Status
379 2369 546 2448 religiosus
563 2370 625 2431 dici
640 2375 747 2448 potest
762 2370 879 2448 dejure
893 2369 1009 2446 divino,
1025 2389 1089 2433 non

108 2461 325 2548 praecipiente,
344 2467 398 2528 sed
411 2466 607 2528 consulente.
623 2469 698 2530 llaec
722 2473 769 2530 est
783 2467 926 2530 doctriua
948 2467 1090 2530 omnium

108 2565 438 2629 catholicorumrecte
457 2563 672 2640 sentientium,
698 2564 741 2628 ait
762 2567 886 2628 Suarez.
912 2599 951 2614 ·-
977 2565 1091 2646 Opinio

108 2684 222 2728 eorum
238 2663 292 2745 qui
307 2665 418 2726 dicunt
435 2669 550 2726 statum
568 2663 752 2748 religiosum
767 2683 835 2727 esse
849 2665 951 2726 solum
967 2663 1090 2726 institu-

107 2763 204 2826 tionis
218 2761 451 2837 ecclesiasticae,
465 2768 513 2824 est
526 2761 705 2842 periculosa
717 2769 748 2824 et
763 2761 930 2824 temeraria
946 2783 952 2823 :
967 2761 1091 2840 pericu·

108 2862 186 2937 losa,
202 2878 275 2922 nam
289 2862 370 2922 iavet
384 2858 586 2922 novatoribus
599 2859 653 2938 qui
668 2865 785 2922 statum
800 2857 984 2938 religiosum
996 2858 1091 2922 abro-

109 2975 182 3038 gare
207 2956 393 3030 moliuntur;
411 2955 587 3029 temeraria,
616 2973 690 3018 nam
717 2955 790 3018 Pius
805 2957 845 3018 Vl
864 2953 895 3014 in
907 2953 998 3016 Brevi
1013 2957 1090 3036 dog-

111 3056 226 3118 matico
246 3054 378 3116 asserit:
394 3054 587 3136 [legatarium
606 3054 733 3128 abolitio,
749 3073 766 3113 a
781 3051 931 3114 Coaoeatc
949 3053 1096 3116 uotvoooli

112 3154 235 3227 decreta,
251 3153 333 3214 toedit
347 3160 456 3214 statum
462 3152 592 3234 publicu
603 3150 792 3233 professionis
804 3149 989 3214 consiliorum
1007 3173 1092 3216 eoca-

111 3251 279 3332 palleorum.
1065 3265 1096 3282 '²

150 3350 185 3409 ln
201 3346 398 3410 institutione
416 3345 581 3419 Ordinum,
597 3346 734 3425 aliquam
747 3352 870 3426 partem
885 3349 1091 3412 concedimus

112 3444 240 3525 privatis
265 3450 297 3507 et
320 3444 436 3506 sanetis
450 3443 524 3506 viris
541 3442 708 3524 religiones
721 3444 972 3525 proponentibus
986 3454 1017 3508 et.
1028 3451 1093 3510 sor-

113 3541 283 3617 mantibus,
308 3543 461 3621 malorem
485 3540 636 3604 ccclesia
661 3531 731 3622 quae
747 3542 816 3603 illas
839 3545 1039 3623 recognoscit
1061 3553 1093 3608 et
1136 3538 1138 3542 ’

114 3641 280 3721 approbat,
296 3637 468 3704 maximam
484 3639 606 3704 Christo
618 3639 755 3722 religiosi
770 3645 868 3704 status
880 3640 1048 3705 conditori.
