2594 4286
217 282 240 328 a.
384 279 540 327 exrosruo
561 262 737 326 nnrnomex
757 277 840 324 roais
863 278 1019 325 eaxomor.

216 398 255 462 sit
274 404 476 480 perpetuum,
500 404 532 461 et
549 403 714 474 voventem
728 397 902 460 inhabilem
917 399 1030 460 reddat
1046 398 1084 458 ad
1099 399 1188 458 actus

215 507 289 563 voto
304 507 527 581 repugnantes.
538 535 578 546 -
588 500 680 562 Proh.
695 498 884 563 solemnitas
900 500 1082 580 reponenda
1094 503 1142 559 est
1157 497 1190 558 in

1268 91 1270 174 l

215 599 366 661 Ecclesiae
379 604 506 676 statuto,
523 598 548 661 si
562 597 641 659 nihil
655 599 739 659 aliud
756 597 796 660 sit
810 617 905 680 quam
922 597 967 660 vis
981 615 1037 660 seu
1051 595 1191 659 efficacia
1274 638 1275 716 1

215 697 449 792 votiquosdam
462 704 549 760 actus
565 696 722 772 irritandi3
742 703 774 759 et
784 699 829 759 vis
844 697 897 759 illa
910 715 974 757 non
990 693 1190 777 superveniat

216 803 290 858 voto
311 796 371 856 nisi
389 815 427 858 ex
444 801 560 858 statuto
581 794 742 857 Ecclesiae.
758 794 854 874 Atqui
869 795 938 856 haec
952 797 1015 857 duo
1032 798 1187 856 constant.

217 896 466 956 1⁰1steetlectus
481 892 609 956 moralis
620 893 772 990 tribuitur
782 899 854 954 voto
866 892 899 953 in
912 891 1059 954 omnibus
1076 899 1106 954 et
1116 891 1190 953 solis
1276 915 1278 976 3

216 991 420 1072 religionibus
435 1009 505 1071 quae
520 993 676 1054 solemnes
691 991 857 1053 habentur.
877 994 910 1052 2⁰
924 993 986 1052 lsta
1000 989 1045 1051 vis
1055 1009 1121 1052 non
1137 1007 1191 1050 su·
1277 979 1278 994 ¹

216 1088 359 1169 pervenit
374 1097 447 1152 voto
467 1088 528 1150 nisi
549 1107 587 1150 ex
602 1093 721 1149 statuto
738 1087 901 1164 Ecclesiae,
914 1106 989 1149 nam
1008 1106 1046 1150 ex
1055 1089 1125 1168 jure
1142 1105 1193 1150 so·

216 1191 363 1251 lemnitas
378 1195 425 1251 est
440 1185 644 1250 institutionis
658 1185 894 1248 ecclesiasticae.

193 1305 198 1319 .
255 1289 288 1347 2⁰
309 1287 428 1348 Votum
447 1287 590 1346 solemne
605 1283 799 1363 paupertatis
823 1283 1006 1364 religiosum
1021 1283 1127 1345 reddit
1145 1282 1194 1344 in·

217 1401 367 1464 capacem
397 1381 582 1462 acquirendi
615 1381 803 1458 dominium,
819 1383 896 1444 dum
926 1388 1033 1444 votum
1058 1381 1194 1460 simplex

218 1481 322 1543 obstat
337 1481 539 1543 solummodo
557 1497 598 1541 ne
618 1480 706 1542 licite
721 1479 864 1558 acquirat
877 1485 931 1541 aut
942 1480 1114 1558 possideat.
1129 1479 1196 1540 Dis·
1282 1476 1283 1502 ¹

217 1577 372 1659 tinguitur
388 1581 584 1658 quadruplex
596 1580 709 1658 gradus
720 1597 784 1657 qno
795 1580 1047 1659 fidelespossunt
1059 1596 1195 1658 pauper·
1283 1579 1284 1596 ¹

218 1683 315 1738 tatem
341 1675 553 1755 evangelicam
575 1694 687 1738 vovere
713 1697 719 1738 :
747 1680 775 1736 l·
801 1677 943 1739 excludit
963 1693 1056 1738 usum
1087 1693 1194 1738 rerum

219 1777 465 1854 superfluarum
492 1779 521 1835 ἢ·
545 1773 686 1836 excludit
707 1793 799 1835 usum
824 1775 976 1849 liberum3
998 1777 1028 1836 3⁸
1054 1771 1195 1835 excludit

220 1871 411 1948 dominium;
428 1877 458 1932 4·
477 1871 625 1934 excludit
636 1871 843 1951 capacitatem
858 1871 1003 1933 dominii.
1021 1873 1195 1934 -Votum

219 1971 360 2032 solemne
382 1969 532 2032 castitatis
545 1971 650 2032 reddit
661 1969 842 2050 religiosum
852 1976 1007 2048 perpetuo
1017 1969 1195 2032 inhabilem

220 2069 258 2129 ad
284 2069 541 2132 contrahendum
564 2067 814 2131 matrimonium.
846 2101 885 2114 -
913 2071 1029 2131 Votum
1055 2070 1197 2130 solemne

220 2164 411 2228 obedientie
423 2167 522 2229 elficit
532 2165 739 2246 utreligiosus
752 2186 816 2229 non
827 2163 1197 2246 possitpromissionibus

137 2312 143 2327 .
220 2280 295 2341 erga
307 2267 408 2324 Deum
422 2265 469 2325 vel
487 2262 632 2326 homines
642 2284 674 2326 se
688 2263 828 2344 obligare
839 2264 982 2340 firmiter,
1000 2263 1060 2324 nisi
1076 2263 1197 2343 depen-

222 2361 335 2422 denter
354 2379 371 2422 a
389 2362 552 2424 voluntate
568 2357 747 2442 superioris,
764 2361 817 2442 qui
833 2364 915 2424 valet
928 2360 1110 2442 hujusmodi
1122 2379 1199 2440 pro·

221 2453 387 2517 missiones
402 2455 536 2519 irritare.

260 2556 292 2614 3⁰
310 2555 409 2632 Igitur
437 2561 583 2618 votorum
613 2559 795 2620 solemnitas
819 2557 942 2632 ostris,
967 2575 1023 2635 per
1046 2556 1198 2618 Ecclesiae

221 2653 326 2731 legem
340 2653 420 2714 votis
435 2653 571 2734 alligata,
586 2662 689 2718 certos
704 2658 833 2718 allectus
849 2652 1057 2737 producendi,
1076 2653 1198 2716 seilicet

222 2749 330 2811 irritos
353 2751 401 2812 vel
426 2750 593 2813 irritabiles
618 2754 755 2816 faciendi
770 2757 925 2834 quosdam
943 2759 1031 2816 actus
1045 2751 1196 2828 voventis,

207 2845 411 2911 ‘accidentali
425 2856 570 2912 votorum
578 2853 765 2930 perfectioni
779 2852 953 2915 contrarios
968 2871 975 2912 :
989 2851 1034 2912 vis
1043 2855 1199 2930 perpetuo

223 2947 445 3010 inhabilitandi
460 2946 499 3009 ad
515 2951 778 3012 matrimonium:
794 2951 839 3013 vis
852 2949 1025 3010 inducendi
1039 2947 1199 3026 incapaci·-

223 3051 321 3106 tatem
344 3046 520 3108 absolutam
540 3048 695 3109 dominii:
714 3050 759 3109 vis
782 3048 938 3109 reddendi
958 3045 1127 3107 irritabiles
1142 3064 1200 3126 per

225 3143 421 3220 superiorem
435 3146 660 3224 promissiones
674 3146 813 3226 religiosi
826 3162 899 3224 erga
914 3149 1013 3206 Deum
1026 3145 1075 3207 vel
1093 3143 1198 3205 homi·

225 3259 281 3302 nes
296 3241 393 3302 lactas
410 3248 482 3319 post
496 3243 643 3305 emissam
658 3243 897 3325 professionem.

242 3453 293 3515 52.
307 3478 339 3490 -
354 3451 534 3508 novatorum
546 3437 708 3510 solemnitas
721 3417 759 3510 sii
768 3456 802 3510 da
810 3441 1037 3509 'essentiastatus
1046 3453 1184 3520 religiosi.

271 3608 407 3669 Votorum
419 3611 583 3674 solennitas
594 3634 652 3674 ooo
663 3623 705 3675 est
719 3613 753 3674 de
766 3615 888 3676 essentie
901 3621 995 3676 statos
1008 3611 1147 3691 religiosi.
