2590 4262
465 282 539 326 PARS
560 283 723 330 eructans.
1028 283 1079 330 235

141 399 286 461 Simonia
301 402 430 459 externa
453 397 665 460 subdividitur
686 398 719 460 in
744 397 895 460 mentalem
911 405 942 461 et
961 399 1026 460 recl
1073 447 1080 460 .

100 498 273 560 Mentalem
286 496 455 556 simoniam
473 495 594 570 dicunt,
603 496 730 573 quando
744 497 920 574 acquirere,
933 503 985 560 aut
994 513 1083 559 exer-

99 612 185 668 cere,
196 599 250 656 aot
262 593 332 654 eliis
342 593 518 656 concedere
534 593 708 670 spiritualia
719 593 789 671 quis
807 595 954 670 intendit,
968 596 1083 673 praeci·

99 709 163 770 pue
178 697 214 752 ut
224 690 431 753 commodum
445 691 620 767 temporale
640 690 792 764 lucretur,
810 691 886 769 quin
898 697 1004 754 tamen
1015 694 1079 754 ulla

99 789 273 850 conventio
286 787 484 850 interveniat.
503 788 632 849 Realem
645 805 721 849 vero
734 788 903 850 simoniam
916 789 1079 850 admisisse

99 887 232 959 dicitur,
250 885 305 963 qui
320 892 412 963 pacto
431 885 658 947 interveniente
684 885 862 963 spiritualia
885 878 1032 948 concedit
1048 891 1082 947 ut

99 983 291 1060 temporalia
303 988 525 1060 consequatur,
538 984 586 1044 vel
604 1001 620 1046 e
635 999 786 1044 converso
799 985 984 1062 temporalia
997 983 1083 1046 aoei·
1143 977 1147 986 ’

100 1081 148 1158 pit
162 1084 198 1141 ut
210 1079 391 1158 spiritualia
399 1081 547 1141 conferat
563 1079 619 1159 (l).

140 1178 220 1240 Cbm
236 1178 270 1236 in
287 1177 431 1238 fraudem
444 1178 521 1256 legis
537 1176 702 1256 improbos
715 1179 861 1241 homines
876 1179 1004 1241 avaritia
1018 1181 1083 1242 cal-

101 1276 182 1337 lidas
199 1281 282 1338 artes
302 1277 426 1350 doceat,
449 1293 515 1336 non
535 1276 639 1336 solum
659 1275 753 1338 realis
772 1275 918 1338 simoniae
936 1293 1007 1338 reos
1027 1293 1081 1355 ap·

99 1374 293 1454 pellabimus
311 1374 394 1450 illos,
414 1374 467 1451 qui
489 1391 668 1451 expressam
689 1375 877 1453 temporalis
899 1375 980 1436 lucri
1005 1392 1083 1452 pac-

99 1474 225 1533 tionem
248 1471 407 1550 inirerint‚
432 1472 487 1532 sed
510 1471 606 1533 etiam
631 1472 684 1549 qui
709 1489 746 1533 ex
768 1471 961 1550 conjecturis
984 1471 1080 1533 tacite

101 1575 235 1647 pactum
255 1568 379 1629 inivisse
404 1551 692 1647 deprehendantur.
726 1569 806 1630 Hinc
827 1567 964 1630 simonia
986 1567 1081 1629 realis

101 1669 223 1729 iterum
245 1664 443 1726 distribuitur
476 1666 508 1726 in
528 1666 787 1742 conemtiooolem,
809 1686 986 1747 expressam,
1014 1666 1085 1726 taei-

103 1773 166 1824 tom
189 1770 221 1826 et
244 1761 485 1845 confidentialem.
512 1764 688 1826 simoniam
711 1765 967 1826 confidentialem
992 1780 1082 1826 com-

102 1861 202 1924 mittit
213 1861 268 1939 qui
286 1879 351 1922 non
365 1861 491 1923 sincero
511 1862 616 1923 animo
632 1861 785 1923 beneficia
798 1861 932 1937 confert,
944 1866 997 1922 aut
1009 1861 1085 1921 resi-

102 1962 187 2035 gnat,
202 1963 257 2019 aut
269 1960 387 2037 accipit
401 1958 454 2039 (2).

142 2060 171 2118 3.
198 2056 334 2116 Pretium
358 2057 547 2117 simoniacam
573 2057 689 2135 triplex
716 2057 864 2120 statuitur
886 2074 905 2117 a
930 2054 1082 2135 Gregorio

83 2153 241 2232 Magno:
267 2175 282 2210 e
296 2154 390 2214 Aliud
414 2160 461 2216 est
483 2173 588 2214 munes
608 2153 645 2214 ab
667 2153 811 2236 obsequio,
832 2154 918 2216 aliud
941 2170 1083 2212 menese

104 2269 205 2326 manu,
224 2251 310 2311 aliud
330 2270 434 2312 menas
447 2271 466 2311 o
481 2251 592 2332 linque.
608 2252 722 2314 Munus
735 2270 754 2312 a
768 2270 862 2312 manu
875 2249 1009 2330 pecunia
1022 2252 1081 2324 est,

95 2361 221 2409 ‘munus
239 2367 257 2409 a
278 2349 385 2426 lingua
406 2349 504 2424 lavor,
522 2366 635 2410 munus
647 2347 687 2410 ab
700 2348 852 2428 obsequio
866 2353 912 2410 est
926 2343 1082 2424 subjectio

103 2443 248 2506 indebite
264 2445 407 2524 impensa
419 2446 472 2526 (3).
487 2469 501 2504 n

143 2549 173 2605 l.
190 2545 236 2604 Ex
250 2549 338 2622 parte
354 2544 399 2605 eei
417 2544 590 2625 spiritualis,
607 2563 678 2624 quae
702 2545 815 2624 praetio
838 2544 1023 2616 aestimatnr,
1041 2540 1084 2600 si-

104 2642 249 2704 moniam
274 2641 399 2703 admitti
422 2642 596 2722 contingit‚
620 2660 694 2704 cum
718 2643 751 2703 in
776 2640 1006 2704 commercium
1028 2637 1084 2696 de·

4 2793 8 2806 .
105 2741 264 2802 ducuntur
276 2740 353 2817 ipsae
368 2757 417 2800 res
433 2739 611 2820 spirituales
625 2741 673 2802 vel
683 2738 900 2819 spiritualibus
909 2751 1081 2807 connexae;

104 2858 131 2900 v.
155 2857 186 2918 g.
218 2843 425 2912 sacramenta,
451 2838 701 2913 sacramentalia,
729 2837 834 2899 officia
857 2831 1080 2906 ecclesiastica,

104 2939 192 2998 actus
206 2938 399 3012 potestatum
414 2934 534 2995 ordinis
554 2940 585 2996 et
596 2932 841 3014 jurisdictionis,
858 2927 1023 2991 beneficia.

143 3035 205 3093 Res
215 3031 433 3109 spiritualibus
447 3047 599 3092 connexae
610 3034 684 3092 sunt
696 3029 830 3091 materia
842 3026 997 3101 simonia,
1010 3043 1084 3104 qua-

103 3135 195 3190 tenus
208 3129 408 3208 accipiuntur
424 3129 589 3206 adaquate
601 3145 676 3191 cum
691 3145 746 3188 sua
759 3125 995 3199 benedictione,
1008 3123 1084 3186 etin

135 3313 169 3374 (11
184 3313 294 3375 Remuli,
310 3311 496 3360 Commentario
513 3312 539 3360 ta
549 3312 596 3376 jae
615 3310 821 3372 eeclesiasticam,
833 3317 856 3361 t.
873 3310 1081 3372 1v‚paral,dis-
1137 3325 1142 3348 ¹

103 3398 163 3442 sert.
177 3393 223 3443 ill.
412 3427 416 3436 ,

136 3473 168 3532 (t)
181 3472 217 3520 Pii
230 3472 250 3520 V
262 3481 341 3520 const.
357 3469 538 3521 intolerabilia

136 3549 170 3612 (35
183 3551 208 3600 S.
221 3550 355 3612 Gregorius
366 3552 471 3611 Magnus
482 3551 548 3612 apud
557 3551 690 3600 Decretum
701 3549 823 3608 Gratiani,
837 3563 893 3600 ean.
911 3553 964 3610 ut,
979 3561 1048 3598 caus.
1065 3553 1085 3603 t,

105 3636 194 3688 qrreest.
206 3635 228 3678 l.
247 3633 250 3642 ¹
