2618 4252
190 325 241 374 rao
362 325 518 373 axroslalo
540 323 716 370 Marcoman
737 324 819 370 sulus
842 322 997 371 canorum.
1075 311 1079 318 ⁵

595 573 724 636 CAPUT
743 574 757 634 I

425 752 475 801 llo
495 749 703 810 concordatin
723 750 760 797 ln
785 761 914 812 genera.

222 935 288 987 Aur.
304 933 324 986 l.
369 929 492 993 Historia
505 926 755 984 concordatorum.

222 1023 288 1075 Aur.
304 1021 336 1073 ll.
363 1020 471 1072 Eorum
482 1021 600 1073 natura.
670 1091 671 1094 Ἴ

221 1111 288 1166 Anr.
303 1109 349 1165 111.
363 1106 483 1166 illorum
494 1105 643 1178 obligatio.
757 1189 761 1194 .

548 1337 769 1394 ARTICULUS
787 1339 802 1392 1

480 1513 603 1553 HISTORIA
624 1513 865 1554 corleonulronull.

223 1677 237 1740 ς
257 1677 282 1728 1.
301 1673 409 1726 Eorum
419 1669 511 1739 origo.

222 1765 237 1826 ς
256 1764 282 1814 2.
302 1757 477 1814 Concordata
488 1755 587 1812 sacculi
599 1772 656 1812 xrx.

222 1852 237 1916 ς
255 1849 281 1902 3.
302 1845 502 1906 Corollariacx
517 1844 599 1918 praxi
612 1843 745 1902 Ecclesiae
757 1842 895 1902 deducta.

418 2057 433 2120 §
451 2056 477 2108 t.
491 2083 521 2094 -
540 2056 775 2110 concordatorum
796 2055 939 2124 oricoli).

225 2214 423 2276 concordata
444 2213 564 2274 ducunt
587 2213 742 2292 originem
757 2211 956 2293 apru'dentia
977 2212 1016 2270 R.
1033 2207 1186 2269 Pontii·-

185 2311 335 2389 cumqui,
346 2310 433 2389 pacis
455 2311 664 2388 procurandae
680 2327 783 2385 causa,
800 2309 981 2388 principum
994 2305 1169 2368 relationes

185 2426 258 2471 curn
273 2409 423 2472 Ecclesiis
437 2409 681 2487 particularibus
698 2408 858 2471 ordinant.

225 2509 249 2568 Ι.
271 2506 330 2570 Vix
355 2505 440 2568 civili
455 2506 636 2568 christianae
651 2505 813 2585 religionis
834 2502 1073 2582 inauguratione
1090 2517 1168 2579 per-

186 2609 287 2666 actaa
309 2602 528 2678 Constantino,
553 2605 821 2665 concordatorum
836 2601 927 2664 initia
949 2600 1014 2662 visa
1037 2596 1165 2658 suntin

185 2701 247 2762 illis
262 2699 534 2773 concessionibus,
549 2699 663 2778 quibus
679 2701 763 2778 leges
778 2700 818 2761 ab
831 2697 1075 2777 imperatoribus
1086 2709 1166 2768 oon-

186 2799 341 2861 dabantur
355 2801 394 2860 do
408 2797 620 2858 ecclesiastica
639 2797 818 2876 disciplina,
839 2797 983 2874 delegata
998 2789 1166 2853 Pontificis

185 2897 386 2958 auctoritate.
411 2895 476 2956 lllis
500 2895 586 2956 enim
608 2895 730 2972 legibus
744 2898 798 2955 aut
820 2894 922 2967 iactis
947 2888 1095 2970 explicita
1115 2887 1168 2948 vel

184 2993 353 3074 implicita,
369 2992 525 3072 generalis
543 2992 591 3055 vel
608 2991 808 3071 particularis
830 2990 1020 3053 Pontificum
1043 2984 1168 3048 sanctio

184 3095 371 3152 accesserat.

224 3187 323 3266 HuJus
346 3188 392 3250 rei
411 3188 642 3250 documentum
659 3192 744 3250 extat
765 3186 858 3248 initio
874 3183 1011 3256 Codicis
1028 3181 1086 3243 ubi
1099 3183 1167 3242 Ro-

184 3299 314 3346 manum
324 3283 923 3364 Pontificemalloquiturlastinianus:
946 3278 1082 3342 «Omnia
1092 3295 1168 3356 quae

183 3381 223 3441 ad
236 3381 444 3443 ecclesiarum
457 3386 574 3443 statum
588 3383 761 3460 pertinent,
784 3377 1000 3443 iestinavimus
1014 3377 1054 3438 ad
1077 3375 1167 3437 noti·

91 3505 95 3509 ’
183 3477 261 3541 tiam
271 3479 411 3558 perterre
424 3481 544 3542 Vestrae
558 3471 789 3552 Sanctitatism'
799 3479 942 3551 Quonam
953 3475 1035 3537 fine?
1055 3494 1070 3532 α
1083 3474 1168 3546 Quo-

218 3661 250 3721 tl)
265 3657 381 3727 audisio,
395 3657 464 3708 laris
475 3622 573 3709 notura
588 3661 612 3708 et
623 3660 735 3723 nentium
747 3657 927 3722 fundamenta,
936 3657 977 3706 lib
992 3655 1034 3718 111,
1048 3653 1089 3706 tit.
1102 3665 1149 3702 arr.
