2618 4252
181 259 232 306 206
345 260 501 306 Exnosmo
525 260 704 306 annuamus
726 261 809 306 luins
834 260 986 307 canorum.

172 376 336 456 Principes
349 379 447 440 velint
466 379 651 440 custodiam
675 396 831 440 canonum
850 379 1023 458 suscipere,
1041 379 1075 442 in
1092 381 1161 442 hoc

172 473 359 538 incumbere
373 476 503 550 debent,
520 481 555 538 ut
568 477 747 556 appelletur
761 477 800 536 ad
810 477 989 556 superiores
998 477 1155 538 Ecclesiae

169 573 309 651 judiees.
329 574 471 635 Tertium
485 579 712 654 argumentum
730 578 788 648 est,
803 574 947 635 subditos
962 591 1032 635 esse
1047 579 1158 652 prote-

172 671 308 749 gendos3
323 687 433 732 verum
452 672 610 750 oppressis
623 689 688 733 non
703 671 820 733 denoit
833 671 1014 733 remedium
1027 673 1159 733 canani·

172 783 258 842 curn,
276 767 441 846 siqnidem
461 775 594 847 possunt
613 771 654 830 ad
670 769 869 848 superiorem
890 769 1035 848 judicem
1060 770 1164 832 eccle·

177 862 526 943 siasticumappellare.
659 857 660 864 '

215 960 311 1022 Proh.
323 964 353 1022 2.
364 963 549 1025 auctoritate.
561 965 623 1025 lste
635 979 782 1024 recursus
797 965 837 1024 ad
847 967 1038 1042 potestatem
1051 980 1161 1025 saecu-

174 1058 299 1118 lacerna
312 1059 487 1124 canonibus
503 1059 700 1141 prohibetur,
722 1066 753 1122 at
776 1060 906 1140 quidem
924 1061 981 1123 sub
1001 1061 1160 1138 graviori·

175 1155 234 1218 bns
251 1157 364 1234 poenis.
385 1159 590 1221 innocentius
611 1161 653 1220 lll
671 1159 781 1221 statuit
800 1178 807 1218 :
843 1180 857 1216 a
871 1161 936 1220 Nec
952 1175 1010 1237 pro
1027 1159 1161 1222 delectu

170 1252 313 1332 justitiae,
329 1257 436 1318 alerici
452 1257 646 1318 trahantura
664 1257 753 1318 laicis
768 1257 808 1316 ad
820 1255 978 1335 judicium
987 1257 1156 1332 saeculare,

178 1353 264 1430 quod
284 1354 499 1414 omninafieri
515 1353 788 1434 prohibemus(l).
807 1377 821 1414 a

213 1450 364 1512 Martinus
379 1453 415 1524 V,
436 1451 581 1512 Urbanus
597 1451 668 1512 Vlll
689 1456 721 1512 et
743 1451 834 1512 Bulla
851 1448 948 1512 Coeaae
959 1466 1090 1530 poenam
1106 1467 1163 1511 ex-

129 1625 131 1628 ·
174 1546 476 1610 communicationis
491 1543 637 1626 infligunt
660 1548 709 1623 iis,
727 1548 781 1626 qui
797 1565 907 1610 causas
919 1545 1160 1610 ecclesiasticas

175 1645 215 1704 ad
225 1644 330 1706 larum
340 1645 491 1707 saeculare
501 1646 649 1708 deferunt
663 1645 715 1726 (2).

215 1743 391 1805 Concilium
416 1744 643 1806 Tridentinum
670 1743 832 1806 decernit:
855 1743 973 1804 «Nefas
996 1743 1037 1804 sit
1056 1760 1160 1805 saeeu·

175 1839 233 1900 leri
247 1841 456 1920 magistratui,
472 1841 644 1919 prohibere
659 1841 874 1903 ecclesiastico
883 1841 996 1921 judici,
1008 1858 1050 1903 ne
1061 1856 1158 1919 quern

176 1937 513 2013 excommunicatam
540 1940 700 2014 mandere,
726 1944 759 2001 ut
780 1940 882 1999 latam
903 1936 1161 2003 excommunica.

175 2035 294 2097 tionem
320 2042 456 2111 revocet,
483 2037 540 2098 sub
565 2043 719 2116 praetextu
745 2038 831 2116 quod
847 2027 997 2108 contenta
1020 2037 1148 2114 inprae·

176 2133 256 2194 senti
267 2134 396 2194 decreto
417 2151 483 2195 non
498 2135 752 2211 sintobservata;
769 2153 843 2197 cum
855 2153 921 2196 non
933 2138 972 2196 ad
984 2136 1152 2198 saeculares

176 2229 231 2290 sed
245 2229 284 2288 ad
299 2231 530 2295 ecclesiasticos
548 2233 617 2294 haec
629 2234 770 2314 cognitio
789 2234 948 2312 pertineat
961 2233 1015 2312 (3).
1036 2255 1051 2292 a

215 2325 288 2386 Pius
302 2328 343 2388 lX
358 2329 517 2391 damnavit
532 2331 784 2410 propositionem
799 2336 1006 2410 sequentem:
1027 2352 1042 2388 ιι
1062 2329 1151 2393 Civili

176 2423 324 2500 potestati
340 2426 494 2504 competit
505 2432 644 2506 potestas
656 2427 819 2489 ¹indirecta
832 2428 976 2507 negativa
991 2428 1024 2488 in
1039 2445 1146 2500 sacra;

175 2521 280 2582 eidem
296 2523 430 2600 proinde
446 2525 600 2601 competit
619 2525 671 2602 jus
689 2517 892 2605 appellationis
911 2543 1008 2604 quam
1026 2544 1155 2588 nunau-

176 2624 254 2696 pant
267 2616 304 2678 ab
315 2618 428 2698 abesa(
449 2618 472 2699 ).

272 2795 296 2845 ³.
306 2794 368 2844 iura
383 2795 497 2844 Ecclesiae
509 2795 589 2856 quoad
600 2807 719 2857 personas
733 2803 759 2846 at
772 2797 837 2848 bona
847 2795 1059 2858 ipsi'nacessaris.
1109 2819 1112 2823 ·

219 2941 242 3002 l.
256 2941 334 3001 lara
344 2941 485 3004 Ecclesiae
495 2941 591 3022 quoad
599 2961 737 3022 personas
749 2942 807 3003 sibi
813 2939 997 3005 necessarias.

219 3039 249 3098 l.
272 3040 414 3118 Ecclesia
435 3045 482 3101 tot
509 3039 672 3102 ministros
694 3037 834 3115 assumit,
845 3045 928 3119 'quot
942 3057 1001 3118 pra
1021 3040 1083 3100 fine
1100 3054 1152 3098 sna

212 3201 248 3264 (1)
259 3204 437 3266 Decrataltam,
446 3205 492 3256 lib.
508 3206 542 3268 ΙΙ,
556 3208 595 3257 tit.
606 3221 699 3270 rscap.
712 3221 773 3258 xvrr.

146 3339 148 3344 ,
212 3285 246 3346 (2)
263 3285 364 3337 Martini
384 3290 404 3338 V
418 3296 495 3339 const.
512 3288 554 3340 Aa
568 3288 752 3353 reprimendas.
774 3314 804 3324 -
818 3284 910 3336 Urbani
927 3282 981 3334 vlll
998 3291 1079 3333 const.
1096 3281 1155 3330 Pas-

183 3363 286 3414 taralis

215 3445 249 3508 (3)
258 3443 395 3492 Concilium
406 3445 588 3504 Tridentinum,
602 3461 665 3497 sess.
683 3446 759 3506 XXV,
770 3457 824 3505 cap.
840 3457 878 3504 ιιι,
892 3441 923 3491 de
937 3409 1047 3502 Reform.

214 3523 248 3587 (i)
270 3523 307 3572 Pii
327 3522 361 3572 lx
386 3523 506 3587 Syllabas
530 3528 695 3587 cornplcctcns
721 3525 859 3586 precipuos
887 3521 969 3570 aetatis
999 3529 1090 3570 noslrae
1116 3532 1155 3568 er-

184 3617 262 3666 rares,
277 3608 317 3654 ll.
