2604 4264
466 349 539 394 eles
559 349 721 398 seu01etls.
1046 350 1078 398 tl

103 466 221 547 ciprum
241 466 356 542 crucis,
376 464 463 527 vebo
476 483 547 545 quse
566 473 639 529 sunt
659 468 825 531 exorcismi
843 471 890 531 vel
910 469 1079 546 orationes,

102 565 300 648 aspersionem
312 583 402 645 oquae
416 564 605 628 henedictae.

434 807 711 879 DISSERTATIO
735 811 766 878 II

383 1003 433 1050 DE
467 1003 603 1052 cuttu
634 1005 803 1052 ulvius).

145 1162 1078 1244 Liturgiaestoeicuttusucctesiaeauctoriuteconstitutus.

98 1261 288 1323 Definitur:
317 1263 496 1341 complexio
522 1262 704 1338 verborum,
731 1263 895 1325 actionum
920 1269 951 1325 et
975 1279 1082 1324 rerum

100 1357 218 1440 quibus
232 1359 377 1421 Ecclesia
390 1359 579 1439 religionem
594 1377 668 1439 erga
680 1362 781 1423 Deum
797 1360 944 1456 exhibet.¹

137 1495 228 1552 Germ
241 1499 263 1586 l.
304 1496 353 1552 lus
369 1495 550 1568 liturgicum.

138 1585 230 1641 Cerur
243 1585 277 1641 ll.
306 1585 447 1641 Exercitio
462 1585 557 1642 cultus
571 1585 673 1643 divini.

139 1673 230 1729 Cerni
240 1671 286 1729 lll.
301 1671 446 1744 Adiuncto
459 1674 554 1730 cultus
568 1674 668 1731 divini.

511 1904 641 1966 CAPUT
660 1905 674 1966 1

432 2062 482 2111 llo
495 2061 574 2118 Jnre
587 2061 757 2126 liturgico.

143 2215 287 2296 Liturgio
295 2217 452 2279 catholica
464 2222 511 2280 est
519 2216 728 2280 institutionis
742 2216 858 2296 partim
871 2215 997 2292 divinae,
1012 2235 1084 2297 par-

101 2312 1082 2394 timecclesiasticae.Ghristusenimipsesacriticiuminstituit‚

103 2415 138 2471 et
158 2410 311 2472 Ecclesiae
330 2413 466 2473 contulit
481 2417 674 2491 potestatem
692 2414 861 2475 ordinandi
876 2414 996 2477 cultum
1010 2413 1085 2475 divi-

104 2525 195 2569 num.
206 2507 325 2570 Praeter
336 2508 413 2570 ritus
425 2509 576 2570 divinitus
586 2510 756 2584 institutos,
766 2509 875 2572 Petrus
884 2516 916 2572 et
926 2511 1082 2589 Apostoli,

105 2595 292 2686 eorumque
306 2623 503 2670 successores
520 2608 657 2687 reliquas
673 2608 809 2690 liturgiae
832 2613 937 2688 partes
950 2609 1084 2669 induxe-

104 2708 191 2766 runt.

145 2804 170 2863 Ι.
191 2800 371 2883 Supremrm
387 2802 442 2883 jus
457 2802 626 2882 literps‘com
640 2804 680 2864 ad
698 2805 876 2866 Romanum
898 2801 1085 2864 Pontificem

107 2904 242 2979 spectat.

149 2998 243 3060 Proh.
263 3000 292 3059 l.
308 2996 449 3077 Liturgia
465 3003 512 3061 est
520 2999 643 3080 publico
661 2997 808 3079 relipr'orrr's
822 2996 974 3080 profecero,
989 2996 1088 3076 siqui-

110 3099 183 3158 dem
200 3096 351 3158 delinitur
377 3117 391 3154 e
405 3098 508 3159 forma
522 3099 625 3160 cuitus
645 3097 765 3159 externi
784 3097 818 3156 in
839 3095 980 3157 Ecclesia
998 3095 1086 3158 insti-

107 3194 182 3255 tuti.
202 3195 334 3274 »Atqui
357 3197 393 3256 R.
423 3195 571 3256 Pontifici
597 3195 752 3274 competit
779 3211 926 3273 supremo
949 3199 1088 3273 potestas

107 3292 242 3371 regendi
254 3293 465 3354 universalem
478 3293 665 3354 Ecclesiam.
681 3294 765 3371 Ergo
776 3292 931 3372 primatus
939 3292 1090 3374 jurisdic-

106 3390 206 3452 tionis
221 3407 407 3468 supremum
416 3391 468 3470 jus
482 3390 666 3470 liturgicum
678 3391 911 3471 complectitur.

148 3489 248 3550 Proh.
262 3493 292 3549 t.
307 3489 451 3567 Liturgia
464 3495 511 3551 est
523 3487 758 3571 fideierpressio‚
772 3498 801 3551 et
808 3487 972 3570 principale
986 3485 1089 3548 Tradi-

112 3587 198 3648 tionis
207 3586 442 3650 instrumentum.
458 3588 555 3668 Atqui
568 3590 604 3650 R.
620 3585 767 3650 Pontifici
777 3586 935 3649 incumbit
947 3584 1089 3648 officium

113 3680 289 3742 deliniendi
307 3685 339 3742 et
353 3681 560 3744 conservandi
573 3683 680 3744 fidem.
700 3681 782 3762 Ergo
804 3679 942 3759 liturgia,
962 3681 1092 3758 propter
