2590 4262
449 307 523 350 PARS
545 305 709 352 SPECIALIS.
1013 304 1065 353 att

91 423 193 503 ganda
211 427 270 484 est.
283 424 432 484 Attamen
445 421 634 484 substitutus
647 425 779 502 parochi
795 424 937 502 suspensi
950 429 1070 486 susten-

90 527 175 586 tatur
185 539 223 582 ex
234 520 390 582 fructibus
402 519 560 581 beneficii.

128 623 160 681 3.
183 618 354 696 SuspensIo
376 637 412 678 ex
429 617 599 681 informata
613 618 809 681 conscientia
826 636 891 680 non
915 617 1069 696 infligitur

92 719 319 799 inperpetuum.
333 715 423 777 Ratio
435 721 482 778 est
497 715 571 794 quia
581 716 746 795 suspensio
761 716 944 795 hujusmodi
960 720 1007 778 est
1019 731 1070 776 re-

1 825 2 898 }
93 813 236 877 medium
256 813 553 875 extraordinarium.
577 813 675 892 Atqui
690 831 793 892 poenae
811 813 1068 876 extraordinarie

1 901 2 918 ³
92 930 157 975 non
180 916 255 972 sunt
267 916 441 990 perpetuae,
465 910 525 971 nIsi
544 911 714 972 necessitas
735 909 768 970 id
792 911 906 990 exigat.
924 912 1070 972 lamvero

93 1011 268 1090 Episcopus
292 1010 389 1070 finem
411 1027 429 1069 a
448 1007 584 1070 concilio
604 1007 789 1070 Tridentino
809 1009 974 1070 Intentum'
987 1025 1071 1069 asse·

94 1109 201 1188 quitur
223 1125 280 1186 per
303 1107 542 1186 suspensionem
563 1108 660 1169 latam
682 1107 722 1168 ad
742 1111 867 1185 tempus
886 1105 1071 1168 indetermi-

94 1211 215 1267 natum.

134 1303 269 1366 Accedit
283 1303 438 1364 hodierna
453 1301 558 1381 praxis
574 1300 833 1380 Congregationis
851 1299 995 1362 Consilii.
1009 1302 1070 1362 Le-

95 1401 181 1481 gitur
198 1401 284 1462 enim
304 1399 337 1460 in
353 1399 507 1462 relatione
530 1415 634 1461 causae
657 1398 862 1460 Lucionensis
883 1399 944 1478 (an.
961 1401 1047 1473 1848)
1063 1418 1069 1456 :

100 1497 346 1576 «congregatio,
366 1497 423 1558 etsi
442 1482 520 1557 olim
539 1495 700 1558 censuerit
712 1498 829 1573 caputl
845 1496 990 1557 sessionis
1003 1495 1072 1558 XIV

96 1594 227 1656 concilii
246 1592 421 1655 Tridentini
436 1593 552 1654 babere
569 1594 678 1654 locum
700 1590 734 1653 in
754 1592 1023 1672 prohibitionibus
1042 1597 1073 1652 et

97 1689 355 1768 suspensionibus
378 1696 444 1751 tam
467 1689 680 1769 temporaneis
697 1708 791 1768 quam
814 1690 1000 1769 perpetuis;
1025 1706 1075 1751 re·

98 1787 233 1852 centiori
247 1795 353 1850 tamen
365 1806 431 1849 aevo
444 1788 483 1848 ab
499 1788 553 1848 illa
567 1788 724 1849 sententia
734 1789 884 1850 recedere
897 1785 1072 1860 consuevit,

98 1889 255 1967 aliamque
270 1891 451 1948 constanter
465 1891 571 1948 secuta
586 1887 644 1960 est,
661 1902 723 1962 qua
741 1883 772 1945 id
788 1885 868 1947 velle
883 1886 1019 1961 videtur,
1037 1889 1074 1945 ut

98 1985 281 2064 hujusmodi
303 1986 523 2065 suspensiones
539 1982 717 2063 praesertim
732 1987 895 2064 perpetuae
917 1983 1001 2044 haud
1014 2000 1076 2043 un-

100 2100 196 2162 quam
217 2083 250 2144 in
275 2089 438 2161 posterum
459 2084 597 2144 ferendae
615 2083 689 2158 sint,
708 2081 769 2141 nisi
784 2081 956 2160 praemissis
972 2079 1076 2142 moni·
1167 2086 1171 2098 “

99 2178 239 2241 tionibus
254 2181 331 2260 (1).»

358 2405 385 2453 t.
404 2405 528 2452 Recursus
544 2405 612 2452 velut
627 2401 765 2452 remedium
776 2403 815 2464 (2).
904 2421 911 2436 ·

142 2585 216 2644 LA
241 2583 403 2646 sententiis
432 2601 469 2645 ex
494 2584 664 2646 informata
689 2581 882 2646 conscientia
909 2597 966 2638 uou
990 2575 1081 2636 datur

104 2678 272 2760 appellatio.
286 2682 320 2741 ld
329 2682 481 2759 probatur
495 2685 564 2744 tum
579 2698 616 2742 ex
626 2681 730 2742 verbis
744 2672 1076 2741 coneiliITridentini:
1114 2699 1119 2707 ·

105 2771 186 2836 uultu
203 2787 304 2838 contre
322 2779 412 2858 ipsius
429 2779 558 2840 Proeluti
574 2797 702 2838 concessu
720 2776 873 2837 licentia...
891 2770 975 2832 uultu
993 2770 1081 2830 resti-

107 2875 179 2934 tutio
197 2875 399 2954 suffrupetur;
415 2880 484 2937 tum
503 2893 542 2936 en
558 2875 724 2937 Benedicti
739 2859 812 2935 XIV
829 2870 916 2932 bulla
936 2866 986 2928 Ad
1003 2865 1082 2927 mili-

107 2970 207 3044 rudis,
229 2988 292 3049 qua
308 2976 513 3032 recensentur
532 2988 621 3031 casus
641 2971 674 3029 in
695 2967 810 3047 quibus
830 2983 896 3026 non
916 2965 1009 3024 datur
1027 2979 1083 3040 ap-

106 3066 257 3144 pellatio;
277 3071 345 3126 tum
368 3084 405 3127 ex
425 3066 637 3129 decisionibus
653 3063 912 3144 congregationIs
934 3059 1079 3134 GonoiIii,

107 3163 140 3224 in
161 3160 276 3240 quibus
301 3163 440 3224 dieitur:
460 3163 530 3243 ipsis
548 3164 598 3242 (ex
615 3163 784 3224 informata
802 3158 998 3223 conscientia
1014 3175 1084 3217 sus-

108 3257 226 3338 pensis)
241 3258 370 3339 facultas
383 3258 553 3338 appellandi
566 3259 701 3340 adempta
717 3267 769 3319 est.

66 3431 68 3437 Ι
147 3357 281 3419 Accedit
295 3357 376 3417 ratio
392 3376 398 3416 :
414 3375 481 3418 non
503 3359 680 3436 appellatur
695 3357 757 3416 nisi
781 3375 798 3416 a
815 3355 938 3435 judicio
954 3353 1084 3434 proprie

141 3562 175 3620 (1)
192 3560 330 3609 Thesaurus
340 3521 522 3608 resolutionem
533 3559 734 3624 congregationis
744 3559 856 3618 Concilii,
869 3565 887 3608 t.
901 3558 986 3621 CVIII,
995 3572 1020 3620 p.
1031 3559 1085 3609 163,

143 3640 174 3701 (2)
188 3639 335 3689 Benedictus
350 3639 414 3700 XIV,
425 3639 456 3687 de
470 3639 581 3702 synoda,
594 3642 637 3691 lib.
653 3637 709 3699 XII,
726 3651 781 3699 cop.
792 3650 850 3686 vin.
