2590 4262
446 265 519 310 PARS
542 265 705 312 sabulonis.
809 313 813 320 ,
1013 271 1066 316 255

86 465 199 524 QUAES'HO
217 471 249 511 μ.
269 487 300 499 -
314 462 351 512 DE
368 473 512 510 structurus
527 473 788 515 sxcornllllllclulours
802 475 828 511 tlt
844 475 1063 516 utcouuuulcno.

122 626 146 677 l.
166 618 292 676 Privatio
300 623 559 688 sacramentorum,
567 620 596 673 ct
604 617 723 688 piorum
732 633 856 691 operum
865 624 1065 676 externorum.

117 715 144 766 2.
165 708 292 765 Privalio
312 707 477 764 officiorum
502 711 532 764 et
555 707 767 764 beneficiorum
790 709 1064 766 ecclesiasticorum.

117 802 144 854 3.
164 798 290 854 Privatic
305 795 520 853 communionis
531 795 669 866 politica.
952 787 953 790 ’

130 980 152 1027 1.
167 975 280 1026 Privatio
292 980 517 1037 sacramentorum,
532 981 558 1024 et
572 975 670 1037 piorum
680 989 782 1038 operum
793 981 952 1027 externorum
967 977 1011 1040 (l).

119 1116 418 1180 Excommunicatio
436 1116 538 1195 privat
551 1115 644 1178 bonis
658 1116 875 1196 spiritualibus
890 1117 974 1181 inter
987 1121 1062 1182 lide-

82 1215 127 1277 les
141 1213 379 1289 communibus,
401 1214 551 1276 videlicet
565 1233 572 1276 :

119 1315 144 1375 Ι.
160 1312 267 1374 Action
278 1319 307 1372 et
321 1310 436 1392 passion
454 1330 509 1372 usa
523 1318 783 1385 sacramentorum,
802 1318 935 1390 excepto
950 1315 1061 1376 mortis

80 1411 228 1473 articulo.
251 1411 343 1472 Unde
361 1409 546 1488 regulariter
568 1411 741 1488 loquendo,
767 1411 1061 1472 excommunicatus

80 1508 241 1587 recipiens
255 1511 451 1568 sacramenta
465 1507 643 1568 mortaliter
655 1511 784 1585 peccat3
801 1506 938 1569 clericus
953 1508 1063 1569 minis·
1088 1542 1095 1548 -

80 1612 170 1666 trans
183 1605 218 1664 in
230 1603 558 1665 excommunicatione
577 1609 784 1679 sacramenta,
811 1605 846 1666 tit
866 1604 1057 1683 irregularis.

120 1703 159 1764 ll.
176 1701 334 1783 Sacn'ficr'o
348 1701 453 1763 mnaso.
472 1701 537 1762 Nisi
556 1699 597 1762 ob
611 1701 824 1780 ignorantiam
841 1704 888 1764 vel
905 1701 945 1764 ob
967 1720 1060 1782 grave

81 1801 234 1861 damnum
250 1799 415 1861 vitandum
428 1804 606 1875 excusetur,
622 1806 735 1879 peccat
746 1800 924 1862 mortaliter
933 1816 1062 1861 excom·

82 1895 258 1958 manicatus
271 1895 418 1957 assistens
432 1882 586 1957 sacrificio
599 1897 715 1960 missae.
734 1898 767 1960 Si
790 1896 992 1958 denuntiatus
1005 1897 1055 1972 sit,

84 1993 196 2072 expelli
220 1993 325 2068 debet,
353 1997 406 2054 aut
420 1991 611 2056 sacrificium
634 2000 706 2057 ante
724 2011 878 2057 canonem
899 1992 1061 2074 abrumpi·

81 2095 139 2152 tur.

118 2187 171 2248 lll.
188 2186 303 2248 Divinis
322 2187 439 2270 officiis,
468 2194 501 2250 ut
530 2188 658 2268 publica
681 2191 836 2250 Horarum
860 2189 1056 2264 recitatione,

82 2283 349 2361 processionibus,
364 2290 424 2347 etc.
440 2288 589 2347 Attamen
601 2305 619 2347 a
628 2286 748 2365 privata
760 2287 946 2350 recitatione
958 2291 1058 2351 Hora-

83 2397 151 2440 rum
163 2398 230 2442 non
244 2382 402 2443 eximitur.

117 2479 168 2542 IV.
193 2476 401 2541 Commnna'bus
423 2478 566 2541 Ecclesia
592 2480 753 2562 sullropiis.
784 2484 874 2546 Unde
897 2500 963 2544 non
983 2482 1059 2543 licct

81 2574 379 2652 publicasacrilicia,
389 2556 533 2655 publicas
541 2579 692 2641 Ecclesiae
701 2579 926 2660 orationespro
934 2593 1058 2640 excom·

73 2672 249 2736 municatis
279 2674 401 2749 offerre,
430 2691 533 2752 neque
557 2661 773 2756 indulgentias
797 2677 843 2738 eis
868 2674 1056 2737 concedere.

81 2770 200 2834 Privata
223 2777 330 2833 autem
355 2772 512 2852 suffragia,
540 2773 700 2836 orationes
713 2780 745 2836 et
761 2774 867 2835 missso
887 2791 925 2834 cx
939 2771 1060 2850 privata

82 2865 256 2931 intentione
273 2869 380 2931 olierri
394 2874 528 2948 possunt·
540 2889 598 2948 pro
618 2871 825 2932 conversione
839 2869 1061 2930 excommuni-

49 3045 53 3051 4
83 2971 233 3028 catorum.

116 3063 152 3126 V.
175 3061 450 3144 Inpressoecclcsioe
472 3067 702 3142 temporeque
725 3061 829 3123 divina
844 3061 1056 3124 celebrantur.

81 3158 153 3220 Aliis
164 3174 239 3223 vero
252 3159 449 3237 temporibus
462 3163 568 3237 potest
580 3159 876 3222 excommunicatus
888 3160 922 3219 in
936 3159 1058 3239 templo

81 3251 225 3327 privatim
239 3270 341 3315 orare.

118 3350 169 3412 Vl.
184 3349 348 3432 Sepultura
370 3347 572 3427 ecclesiastica,
594 3348 657 3412 nisi
676 3350 970 3414 excommunicatus
984 3357 1057 3414 ante

81 3451 215 3508 mortem
226 3447 449 3527 poenitentiam
464 3450 550 3526 agat.

112 3603 146 3668 (t)
159 3606 291 3670 zellinga,
305 3607 477 3658 Institutiones
486 3603 792 3670 jamealesiasua‘,1ib.
810 3610 839 3671 V,
849 3610 892 3662 tit.
906 3623 992 3661 xxxix.
