2604 4264
194 225 243 272 166
358 225 515 270 uxrostulo
537 224 714 270 mutuoulcu
735 225 817 270 tuuis
840 224 996 271 CANONIGI.

230 346 317 406 Bona
336 343 527 404 clericorum
548 345 620 402 sunt
633 341 768 420 triplicis
782 345 917 422 generis,
935 339 1056 406 seilicet
1069 344 1180 426 patri-

190 435 338 510 monialia,
359 434 445 516 quasi
459 434 694 515 patrimonialia,
713 429 906 516 'beneficialim
987 435 990 440 ’

232 537 262 594 l.
276 531 503 594 Patrimaaialia
517 536 589 593 sunt
601 531 687 594 hona
701 551 772 611 quae
785 534 885 596 titulo
895 535 1027 614 profano
1038 531 1170 596 clericis

192 627 378 690 obveniunt
929 627 932 634 ’

233 710 262 786 a.
279 725 369 799 outa·
380 723 599 806 putaminum
613 723 875 802 clericisqnidem
886 723 921 786 ut
934 725 1050 785 talibus
1062 725 1175 805 aequi-

194 827 318 898 matur,
344 825 400 884 sed
415 829 522 884 tamen
534 822 650 885 intuitu
670 821 787 882 laboris
805 839 861 884 seu
876 823 1045 884 ministerii
1064 823 1175 884 eccle-

194 920 328 992 siastici;
363 921 410 981 uti
432 925 504 982 sunt
528 920 684 999 stipendia
706 919 885 1002 missarum,
914 917 1034 980 reditus
1062 922 1171 994 stolae,

194 1018 359 1078 funeralia.
392 1020 461 1080 Huc
487 1023 673 1080 revocantur
697 1017 792 1079 etiam
824 1017 897 1077 dana
925 1017 1172 1098 parcimomaiia,

195 1131 266 1192 quae
284 1115 428 1190 clericus,
453 1116 604 1194 frugalius
630 1115 774 1189 vivendo,
803 1105 994 1194 decongrua
1014 1121 1178 1178 sustenta-

196 1211 281 1273 tione
296 1212 356 1273 sihi
376 1211 543 1272 subtrahit.
1073 1227 1076 1232 ·

234 1313 263 1370 3.
282 1309 472 1390 Beaefirialia
485 1326 523 1370 ex
537 1309 606 1387 ipso
621 1307 777 1370 beneficio
791 1310 991 1388 proveniunt.
1012 1307 1176 1372 Alia-sunt

194 1408 352 1468 mressaria
372 1424 443 1484 quaa
465 1405 588 1467 clericis
603 1410 755 1485 praestant
774 1407 940 1470 honestam
965 1408 1178 1470 sustentatio-

194 1520 268 1566 nem
296 1521 354 1582 pro
369 1503 522 1580 cujusque
540 1505 633 1576 statu,
658 1503 809 1580 dignitate
836 1509 868 1566 et
886 1503 1090 1578 conditione3
1108 1505 1178 1566 alia

195 1605 268 1661 sunt
290 1599 451 1680 superflua,
468 1615 540 1677 quae
563 1615 712 1677 congrua
737 1601 928 1664 clericorum
949 1602 1178 1664 sustentationi

196 1703 375 1774 supersunt.

230 1829 351 1892 Quasnno
365 1832 389 1884 -Ι,
406 1830 449 1883 An
467 1831 495 1883 et
510 1827 653 1884 bonorum
668 1843 793 1899 quorum
806 1815 904 1885 elerici
919 1828 976 1884 sint
990 1827 1112 1887 domini.

230 1916 352 1980 Qunsrro
363 1919 390 1971 2.
404 1919 449 1970 An
462 1916 561 1972 cleriei
575 1915 744 1987 obligentur
755 1915 938 1974 beneficialis
947 1917 1095 1991 superflua
1105 1934 1176 1974 ero-

197 2015 265 2075 gare
278 2003 310 2058 in
322 2019 422 2059 causas
434 2005 507 2074 pias.

231 2093 353 2157 ansuo
368 2097 392 2148 3.
411 2093 559 2158 Quomodo
581 2093 613 2149 in
627 2093 708 2164 praxi
722 2093 845 2150 clericus
860 2092 905 2148 nti
927 2088 1016 2164 possit
1028 2093 1183 2152 bonishc·

197 2181 389 2237 nefieialibus.

274 2367 386 2428 Qnusrro
398 2371 430 2417 1¹.
443 2392 475 2403 -
485 2367 522 2416 An
535 2379 566 2415 nr
579 2377 681 2422 euonnu
692 2376 811 2414 aouonuu
823 2375 920 2416 cnunrcr
930 2377 985 2414 surr
997 2379 1096 2416 neurus.

235 2522 259 2582 l.
274 2519 318 2580 De
341 2519 419 2580 doui's
428 2518 687 2600 patrimonialibus
704 2517 807 2579 clerici
822 2517 912 2578 libere
930 2517 1095 2598 disponunt.
1111 2519 1181 2580 ua-

197 2618 241 2679 tio
266 2622 323 2692 est,
345 2617 418 2696 quia
439 2617 606 2680 clericatus
627 2634 692 2678 non
706 2616 830 2678 inducit
853 2617 1096 2695 incapacitatem
1118 2617 1184 2679 do-

197 2714 300 2791 minii,
315 2714 398 2777 siout
412 2714 568 2793 professio
584 2713 742 2794 religiosa.

236 2813 266 2874 l.
284 2812 447 2876 Sententia
458 2813 668 2893 plurimorum
688 2817 746 2889 est,
761 2813 850 2873 idem
863 2811 1038 2874 dicendum
1051 2829 1119 2873 esse
1134 2813 1177 2874 de

197 2909 280 2970 bonis
299 2910 385 2992 quasi
399 2910 670 2992 patrimonialibus.
690 2909 817 2972 Etenim
831 2912 981 2987 tanquam
991 2927 1113 2971 merces
1126 2909 1180 2970 la-

197 3006 283 3069 boris
305 3009 523 3088 conferuntur,
545 3025 649 3086 neque
676 3009 785 3068 fideles
811 3007 923 3068 eadem
944 3007 1122 3086 largiuntur
1139 3024 1183 3068 ea

198 3105 381 3169 conditione
404 3107 500 3168 tacita
527 3107 576 3168 vel
600 3121 757 3184 expressa,
782 3109 817 3167 ut
840 3104 874 3164 in
888 3123 961 3165 usus
985 3105 1055 3183 pios
1071 3105 1182 3167 distri·

198 3199 345 3264 buantur.
363 3207 449 3264 Hanc
465 3201 648 3280 opinionem
660 3202 803 3279 sequitur
822 3202 1013 3262 Benedictus
1037 3201 1107 3264 XIV
1120 3197 1179 3280 (l).

237 3300 267 3358 2.
288 3299 335 3358 Ad
358 3301 490 3362 elericos
511 3299 606 3361 etiam
629 3299 790 3378 pertinent
815 3298 899 3360 hone
919 3296 1177 3376 parcimonialia,

199 3413 269 3475 quae
287 3397 438 3474 singulari
457 3397 638 3477 frugalitate
654 3397 807 3476 paulatim
826 3395 1046 3476 acquirantur.

231 3555 313 3621 (ntia
329 3552 513 3617 Beatiflcattom
523 3569 652 3606 servorum
665 3555 721 3616 Dei,
732 3554 774 3606 lib.
786 3555 827 3617 ill,
838 3567 894 3617 cap.
906 3567 990 3606 xxxiv.
1028 3516 1056 3646 ,Ι
1111 3585 1115 3593 -
