2604 4264
237 271 289 320 1⁵0
409 270 566 316 EXPOSITIO
588 268 763 316 uurnomca
785 267 867 314 lunis
889 269 1058 314 CANONICI.

235 388 268 449 in
291 387 418 453 titulum
442 390 553 469 erigit;
576 390 616 452 de
640 387 755 467 quihus
775 387 940 467 publicum
964 390 1218 452 instrumentum

234 486 413 550 conficitur.

404 696 517 756 Qunsrro
526 698 561 745 2¹.
570 720 603 732 -
615 695 651 744 Da
663 705 829 744 innovantem
847 707 1049 746 rrnrrrcronuu.

272 865 435 926 innovatio
457 863 685 926 beneficiorum
707 863 883 942 appellatur
910 863 1080 942 quidquid
1107 865 1212 924 statum

234 959 345 1022 eurum
358 961 514 1023 immutat.
533 964 609 1024 Haec
625 960 788 1024 innovatio
803 960 947 1041 pluribus
964 960 1080 1022 modis
1096 959 1210 1022 contin-

233 1057 289 1136 git.

269 1190 290 1244 1.
334 1189 406 1245 Unio
418 1189 640 1246 beneficiorum.

269 1277 306 1332 11.
337 1279 455 1334 Illorum
470 1278 582 1333 divisio,

273 1369 322 1424 ΙΙΙ.
337 1367 456 1423 illorum
471 1367 698 1423 dismembratio.

269 1460 316 1516 IV.
335 1457 456 1513 Illorum
469 1456 642 1548 suppressio·

518 1657 537 1706 1.
548 1683 580 1694 -
593 1659 630 1708 De
640 1656 730 1707 unione
739 1656 920 1706 beneficiorum.

272 1820 353 1884 Unio
371 1820 519 1882 beneficii
540 1823 585 1897 fit,
605 1840 679 1885 cum
701 1824 764 1884 duo
778 1823 933 1884 beneficia
948 1840 1011 1901 per
1035 1820 1201 1900 legitimum

233 1917 429 1998 superiorem
442 1937 479 1980 ex
490 1911 574 1999 justa
590 1937 683 1982 causa
697 1920 781 1983 inter
795 1938 827 1983 se
839 1920 1093 2001 conjunguntur.

268 2059 293 2112 t.
307 2057 398 2112 Variae
409 2057 519 2127 species
533 2039 650 2112 unionis
662 2057 815 2128 ejusmodi.

266 2143 293 2197 2.
311 2141 511 2197 solemnitates
528 2141 680 2197 unionum.
730 2127 741 2151 ‘

485 2346 508 2394 1.
521 2343 601 2394 Variae
614 2343 708 2406 species
718 2343 817 2394 unionis
830 2343 958 2406 ejusmodi.

271 2511 294 2572 1.
309 2508 518 2587 Distinguitur
530 2509 606 2571 unio
621 2529 702 2591 caque
713 2511 896 2592 princernas,
911 2510 989 2572 unio
998 2528 1058 2591 per
1069 2500 1195 2584 consesti·

231 2626 307 2684 aem,
324 2606 400 2669 unio
409 2626 467 2687 per
480 2607 692 2688 subjectionem.

270 2705 352 2768 Unio
366 2708 413 2766 est
426 2723 508 2785 nque
515 2705 701 2787 principalia,
711 2708 840 2786 quando
851 2706 913 2766 duo
925 2703 1084 2766 beneficia
1093 2699 1124 2758 in
1136 2709 1195 2774 per·

232 2803 362 2878 petuum
376 2800 430 2860 uni
442 2801 559 2862 rectori
572 2800 796 2879 subjiciuntur,
814 2802 905 2864 salvis
916 2801 1083 2878 utriusque
1093 2788 1193 2856 heneti·

231 2895 272 2958 eii
280 2897 414 2976 juribus,
433 2902 517 2958 statu
530 2904 562 2959 et
574 2899 712 2961 nemine.

269 2995 353 3056 Unio
366 2979 402 3055 'fit
411 3013 467 3074 per
480 2993 684 3074 confusionem,
700 3013 774 3058 curn
788 2997 880 3075 plura
894 2993 1051 3056 beneficia
1063 2990 1096 3051 in
1108 2995 1190 3046 unum
1260 3027 1261 3085 t

231 3089 327 3150 veluti
342 3109 457 3169 corpus
470 3091 600 3153 tertium
614 3094 805 3168 coalescunt,
823 3094 868 3155 ita
885 3098 919 3154 ut
936 3092 1059 3171 singula
1076 3081 1188 3164 quidem

162 3209 169 3222 ·
231 3185 364 3247 existere
379 3188 534 3264 desinant,
552 3207 663 3250 eonnn
677 3195 785 3274 tamen
793 3191 865 3271 jura
877 3185 1093 3271 competibilia
1105 3181 1135 3241 in
1147 3176 1189 3238 he·

232 3281 471 3345 ficiumnovum
485 3287 725 3350 transferantur.
1065 3354 1068 3362 ¹

271 3379 353 3441 Unio
365 3399 422 3460 prr
439 3382 643 3462 subjectionem
660 3387 706 3462 fit,
723 3402 796 3447 cum
817 3403 881 3447 una
901 3384 1035 3446 ecclcsia
1047 3379 1093 3442 vel
1106 3375 1188 3436 bene-

231 3475 339 3539 ficium
351 3475 441 3538 alteri
455 3485 605 3559 tanquam
619 3483 830 3544 accessorium
843 3482 1011 3563 principali
1026 3471 1183 3554 subjicitur,

230 3575 275 3638 ita
288 3579 324 3638 ut
339 3576 447 3638 matris
462 3577 580 3639 etfiliae
594 3579 706 3642 relatio
720 3580 866 3642 intereas
881 3579 1064 3664 intercedat.
1080 3562 1185 3636 Benefi-
