2590 4262
441 290 515 334 PARS
536 291 702 338 saucibus,
1003 295 1031 339 bt
1041 295 1053 340 3

132 486 186 549 §A
207 514 238 523 -
255 486 292 538 lla
309 486 398 538 modis
413 484 513 552 mribus
528 483 631 538 delicta
644 484 675 536 in
686 484 823 551 indicium
835 487 1010 541 deteruntur.

121 649 145 698 l.
165 644 324 698 Accusatio.

117 735 145 788 2.
164 731 362 786 Denuntiatio.

120 822 148 874 3.
166 819 325 890 lnquisitio.

427 996 449 1042 t.
460 993 496 1042 De
511 961 669 1044 accusatione
681 995 723 1054 (1).

123 1147 187 1211 atsi
200 1148 360 1210 accusatio
375 1148 408 1207 in
421 1148 582 1228 plerisque
594 1149 673 1209 locis
685 1147 828 1209 videatur
840 1148 947 1208 abusu
960 1165 1060 1211 reces-

83 1245 170 1320 sisse,
188 1249 296 1307 tamen
318 1245 419 1305 lorma
444 1262 611 1323 processus
637 1244 812 1306 criminalis
834 1245 976 1324 dignosci
1002 1263 1060 1306 ne-

82 1342 162 1421 quit,
183 1342 245 1402 nisi
266 1348 428 1419 comperta
447 1341 487 1402 sit
507 1343 683 1420 priscarum
707 1342 944 1404 accusationum
967 1342 1059 1416 ratio,

83 1458 154 1518 quae
176 1440 212 1499 in
227 1439 498 1500 denuntiationem
519 1445 549 1501 et
570 1439 810 1517 inquisitionem
830 1440 979 1500 translata
1002 1443 1060 1500 est.

122 1537 147 1599 I.
163 1537 330 1597 Accusatio
344 1541 392 1598 cst
409 1535 540 1597 solemnis
562 1535 668 1597 delatio
688 1537 817 1596 criminis
839 1535 919 1616 opud
931 1535 1062 1617 jadicem

82 1640 287 1714 competentem
299 1631 337 1692 od
348 1632 496 1712 publicum
509 1633 665 1694 vindictam
680 1632 770 1713 facto.
789 1636 963 1696 Accusator
977 1634 1061 1695 vices

83 1731 201 1792 actoris
218 1731 371 1793 sustinere
394 1732 530 1810 cogitur.
550 1731 718 1793 Accusatio
742 1731 847 1792 differt
863 1750 881 1792 a
898 1731 1063 1793 denuntia·

84 1830 169 1890 tione
184 1845 255 1907 quae
268 1845 332 1888 non
343 1829 482 1907 imponit
494 1846 572 1890 onus
585 1827 754 1908 probandi.

121 1923 207 1987 Illius
233 1925 415 1985 solemnitas
439 1925 499 1986 sita
524 1929 582 2000 est,
607 1928 676 1985 tum
698 1925 733 1984 in
756 1923 850 1984 libello
871 1923 1059 1996 accusatorio,

85 2023 137 2100 qui
160 2022 310 2100 exprimit
333 2039 451 2083 nomen
473 2039 618 2100 personae
642 2026 674 2082 et
697 2021 835 2099 speciem
861 2021 968 2082 delicti
989 2037 1062 2081 cum

86 2118 329 2182 circumstantiis
343 2120 406 2181 loci
426 2124 458 2182 et
471 2119 645 2197 temporis3
661 2124 730 2181 tum
744 2118 945 2199 inpraesentia
960 2137 1060 2197 perso-

85 2217 149 2277 nali
159 2215 358 2292 accusatoris,
378 2217 433 2295 qui
452 2234 485 2278 se
502 2216 649 2278 inscribit
663 2217 696 2275 in
713 2233 841 2294 poenam
854 2206 1062 2277 calumniato-

86 2315 128 2376 ris
144 2315 170 2375 si
186 2315 218 2374 in
232 2314 420 2392 probatione
431 2313 594 2380 deiecerit.
610 2315 685 2376 Haec
697 2319 804 2376 tamen
814 2313 979 2392 inscriptio
989 2311 1062 2374 sub-

86 2414 148 2476 lata
161 2417 218 2485 est,
236 2413 326 2491 eique
343 2411 494 2482 successit
509 2413 649 2490 querela.

122 2511 161 2572 ll.
180 2511 227 2570 Ex
238 2509 449 2570 accusationis
463 2510 567 2570 forma
582 2514 613 2570 et
626 2510 686 2570 line
698 2508 895 2589 intelligitur,
911 2525 980 2569 eam
996 2523 1063 2568 esse

85 2623 174 2684 grave
199 2607 378 2685 negotium,
404 2612 470 2668 tam
495 2606 673 2669 accusatori
699 2624 794 2684 quam
820 2609 966 2667 accusato
996 2619 1061 2663 mo·

84 2703 197 2766 lestum
219 2721 255 2765 ac
275 2703 501 2783 periculosum.
518 2705 599 2767 Hinc
612 2705 682 2783 jure
697 2709 766 2765 tum
781 2704 865 2764 civili
880 2709 948 2764 tum
963 2717 1063 2762 cano·

85 2801 155 2864 nico
171 2802 264 2864 multi
279 2821 343 2864 non
356 2802 609 2864 admittebantur
621 2803 659 2862 ad
676 2789 902 2862 accusandum.

123 2902 257 2979 Propter
280 2902 405 2961 easdem
426 2901 630 2962 difficultates
653 2899 813 2960 accusatio
827 2898 892 2958 iere
907 2892 1063 2986 abolevit,

88 3003 254 3077 supersunt
266 3015 339 3060 vero
351 2997 550 3059 denuntiatio
562 3002 594 3058 et
606 2993 783 3075 inquisitio.

405 3211 431 3256 2.
450 3208 486 3256 De
495 3203 684 3256 denuntiatione
695 3201 745 3266 (2).
759 3278 764 3292 ⁹

128 3366 151 3426 l.
164 3363 304 3446 Definitio
322 3374 350 3426 et
365 3367 479 3448 speeies.
496 3399 534 3412 --
548 3361 751 3426 Denuntiatio
773 3363 923 3432 delinitur
942 3360 1066 3441 alicujus

118 3543 153 3606 (1)
166 3543 334 3594 Decretalr'um
344 3545 387 3594 lib.
403 3545 433 3604 V,
445 3547 485 3596 tit.
497 3551 516 3606 1‚‘
530 3546 561 3595 de
575 3541 786 3595 decusationibus

120 3625 152 3686 (2)
165 3623 240 3686 leid,
253 3624 283 3673 de
293 3623 534 3674 Deuuata'ottoor‘bus.
