2618 4252
220 287 271 336 Md
382 282 543 330 nxnosmlo
564 279 743 328 unnnonlcn
762 281 847 327 touls
868 279 1024 330 canumet.

205 406 301 481 ticae,
315 405 401 484 quod
417 421 472 465 ore
486 407 517 464 et
531 401 640 462 animo
653 403 853 479 profitentur,
869 416 904 461 re
918 403 950 462 et
962 417 1021 460 usu
1028 395 1193 478 judicandi

217 506 257 567 de
270 499 406 582 negotiis
417 499 571 562 Ecclesiae
583 497 718 560 inficiari
733 503 765 559 et
781 497 902 576 ejurare
915 497 1075 559 videntur.

254 605 284 663 2.
301 602 456 662 Assemnt
475 595 633 675 ejusmodi
649 596 722 674 jura
740 592 892 673 potestati
907 592 992 656 civili
1013 597 1193 672 competere

214 705 367 778 tanquam
384 696 462 776 juro
485 691 679 774 majestaticc.
706 693 853 753 Jamvero
879 690 1010 752 nomine
1032 690 1193 772 majestatis

214 795 404 872 intelligitur
414 789 594 870 complexio
605 789 726 868 jurium
738 806 810 867 quae
820 789 860 850 ad
873 789 1049 867 perfectam
1064 786 1202 848 sociata

216 899 284 956 tem
298 892 468 972 pertinent.
482 889 560 950 lnde
576 887 711 949 infertur
722 885 817 966 ipsos
833 903 949 963 errare,
964 885 1028 948 sive
1041 883 1193 948 conside·

214 996 302 1054 retur
309 983 468 1064 'Ecclesia
482 986 546 1050 sive
561 989 723 1066 spectetur
735 986 852 1049 Status.

253 1089 302 1150 Ad
319 1083 495 1147 Ecclesiam
515 1084 601 1162 quod
623 1081 748 1157 attinet,
768 1088 838 1143 tum
857 1099 896 1144 ex
912 1088 1023 1144 natura
1038 1099 1108 1156 sua,
1125 1085 1191 1142 tum

214 1205 253 1250 ex
265 1185 427 1247 voluntate
446 1181 561 1244 Christi
580 1181 648 1260 ipsa
663 1187 710 1244 est
726 1179 860 1242 societas
875 1182 1025 1261 perlecta,
1048 1181 1193 1258 adeoque

213 1284 253 1344 ad
280 1297 351 1342 eam
375 1279 514 1360 pertinet
540 1276 719 1357 complexio
741 1278 862 1357 jurium
888 1295 959 1356 quae
984 1276 1117 1357 propria
1147 1282 1194 1339 est

214 1379 374 1442 societatis
386 1377 546 1456 perlecta.
561 1375 661 1455 Igitur
673 1375 702 1437 ei
711 1393 777 1437 non
790 1376 904 1438 desunt
913 1376 984 1454 jura
997 1374 1194 1455 majestatica

212 1475 246 1537 in
260 1477 298 1536 iis
310 1493 380 1554 quae
394 1473 583 1552 religionem
594 1471 780 1552 respiciunt.
1090 1541 1094 1544 ,

252 1574 297 1633 Ex
317 1573 415 1632 altera
432 1575 533 1649 parte,
554 1570 594 1630 ad
617 1572 741 1633 Statum
763 1587 829 1632 non
852 1573 996 1648 spectant
1017 1570 1090 1649 jura
1116 1570 1193 1632 reli·

211 1668 308 1749 giosa.
333 1667 461 1729 Etenim
477 1668 551 1746 jura
573 1665 732 1730 societatis
753 1685 791 1729 ex
812 1670 875 1729 fine
897 1667 994 1747 ipsius
1016 1669 1190 1747 prodeunt,

156 1807 161 1816 -
211 1765 371 1846 siquidem
390 1763 497 1826 media
518 1769 647 1828 eatenus
668 1770 794 1828 tantum
817 1770 1017 1845 expetuntur,
1036 1771 1193 1845 quatenus

210 1866 250 1926 ad
273 1864 372 1925 finem
392 1864 588 1926 conducunt.
611 1863 707 1943 Atqui
728 1862 800 1924 finis
822 1863 984 1926 societatis
1005 1861 1108 1925 civilis
1125 1880 1193 1925 non

210 1960 308 2042 erigit
320 1962 393 2041 jura
412 1959 569 2040 religiosa.
591 1960 730 2023 Proinde
747 1961 940 2023 attendenda
959 1965 1007 2022 est
1026 1960 1191 2023 distinctio

209 2064 239 2119 et
257 2055 507 2135 independentia
520 2058 683 2120 Ecclesia.

248 2157 278 2216 3.
303 2156 411 2232 Neque
432 2154 567 2229 dicatur,
589 2158 780 2234 potestatem
801 2154 1074 2234 independentem
1092 2157 1191 2219 asseri

210 2251 362 2314 Ecclesiae
376 2268 441 2312 non
455 2269 560 2330 posse,
577 2250 654 2331 quin
667 2252 816 2342 frequens
835 2270 909 2315 cum
928 2253 1082 2316 societate
1103 2255 1191 2317 civili

211 2347 330 2410 oriatur
347 2347 533 2424 condictus;
553 2351 639 2428 quod
661 2349 729 2410 fieri
753 2349 864 2428 nequit
892 2349 958 2411 sine
979 2367 1094 2432 magna
1115 2369 1193 2431 per·
1291 2347 1292 2406 ξ

209 2446 402 2528 turbatione,
421 2446 548 2506 Etenim
568 2445 766 2525 perturbatio
784 2446 829 2508 ibi
846 2453 970 2510 tantum
986 2464 1054 2509 esse
1068 2453 1188 2529 potest,

209 2545 264 2607 ubi
286 2544 372 2606 nulla
391 2549 439 2607 est
464 2544 545 2606 ratio
566 2531 697 2606 ordinis.
725 2545 821 2623 Atqui
841 2545 983 2608 Ecclesia
1002 2551 1034 2608 et
1053 2545 1190 2608 societas
1291 2599 1292 2610 ,

209 2643 311 2704 civilis
330 2642 414 2703 inter
430 2658 463 2702 se
480 2641 718 2717 coordinantur,
734 2642 799 2704 sive
818 2643 891 2721 quia
909 2645 1015 2705 finem·
1028 2644 1189 2706 diversum
1291 2643 1292 2712 Ϊ

209 2738 338 2814 habeut,
363 2739 428 2800 sive
456 2736 529 2817 quia
552 2740 738 2801 earumdem
759 2741 840 2802 fines
862 2758 929 2801 non
953 2745 1026 2803 sunt
1045 2741 1128 2803 inter
1152 2760 1189 2804 se

210 2835 361 2917 oppositi,
385 2836 449 2898 sive
471 2837 545 2915 quia
564 2837 636 2898 finis
657 2837 818 2900 societatis
837 2837 938 2899 ci'vilis
959 2837 1014 2900 fini
1036 2839 1191 2902 Ecclesiae

209 2933 432 2997 subordinatus
446 2939 502 2996 est.
624 2951 627 2958 ’

250 3034 459 3111 Quapropter,
488 3031 513 3092 si
540 3031 594 3111 qui
622 3031 765 3095 oriantur
796 3033 974 3112 conflictus,
1004 3034 1049 3098 ita
1080 3038 1191 3101 omnia

209 3127 419 3192 determinata
443 3133 528 3204 sunt,
555 3134 590 3191 ut
619 3131 706 3192 nulla
730 3131 838 3210 possit,
864 3133 925 3194 nisi
953 3149 991 3194 cx
1017 3133 1189 3197 homiuum

206 3226 296 3301 vitio,
334 3225 533 3305 perturbatio
566 3228 703 3304 exoriri;
737 3247 855 3291 nama
888 3231 960 3309 jure
993 3231 1132 3294 naturali
1158 3237 1190 3294 et

208 3320 382 3385 christiano
408 3329 525 3401 praesto
552 3331 627 3387 sunt
658 3327 788 3406 regulae,
817 3326 931 3408 quibus
957 3333 989 3391 et
1015 3331 1132 3391 modus
1156 3334 1189 3390 et

204 3420 304 3500 judex
319 3419 501 3498 designatur
514 3423 554 3483 ad
570 3425 817 3487 controversiam
832 3425 1000 3506 ejusmodi,
1017 3445 1091 3506 quaa
1103 3427 1190 3489 inter
1291 3465 1292 3496 r

207 3517 394 3579 societatem
418 3520 574 3599 majorem
597 3537 635 3584 ac
662 3523 821 3586 minorem
850 3529 919 3585 orta
948 3521 999 3600 sit,
1032 3525 1188 3587 facillime

206 3614 389 3676 finiendam.
406 3616 571 3680 Immerito
588 3617 684 3698 igitur
700 3621 822 3701 politici
842 3621 1015 3700 imponunt¹
1028 3623 1188 3684 doctrinae
1291 3617 1292 3650 l
