2604 4264
105 316 111 327 .
189 275 239 321 tlt
363 233 522 322 nnnostnlo
542 273 722 320 unnonlcn
742 273 825 320 ants
847 271 1003 334 canonlcl.

113 407 121 422 ·
186 409 256 454 eam
267 393 372 472 legem
386 391 569 454 meminisse
584 392 742 467 videntur,
759 391 814 452 sed
836 389 979 470 ipsorum
992 387 1177 451 auctoritas

99 524 102 530 ·
187 488 284 550 dubia
298 506 356 552 es.

225 589 254 646 2.
279 495 482 647 nxtmoribus
499 585 668 663 diuturnis,
683 602 721 647 ex
734 585 880 648 doctrina
890 587 1019 647 Patrum
1033 583 1087 664 qui
1101 580 1178 661 pri·
1277 627 1278 634 ,

187 681 294 744 mitias
322 683 602 759 commendabant,
625 700 663 744 ac
690 685 820 745 demum
844 701 882 745 ex
903 699 1063 745 canonum
1082 696 1173 758 prae·

188 780 306 859 scripto
326 781 519 856 factumest,
542 783 577 842 ut
597 780 747 859 primitia
764 779 902 858 propriis
923 779 1072 843 Ecclesiis
1088 793 1176 857 prae·

187 877 308 939 standae
323 881 439 938 essent.

227 975 257 1034 3.
283 972 493 1050 Temporibus
508 971 724 1052 sequentibus,
743 976 775 1033 et
785 972 969 1052 praesertim
987 975 1080 1034 aetate
1094 986 1174 1032 nos-

189 1076 238 1132 tra
250 1070 283 1130 in
295 1070 538 1132 desuetudinem
552 1070 711 1131 abierunt.
726 1072 805 1131 Cum
820 1077 926 1132 autem
938 1069 1090 1149 primitiae
1104 1084 1174 1129 non

189 1168 286 1230 modo
298 1170 337 1229 ad
348 1169 535 1248 gratiasDeo
546 1169 682 1248 agendas
692 1174 844 1248 tanquam
854 1165 1173 1230 bonorumomnium

189 1261 341 1345 largitori,
363 1284 469 1328 verum
491 1267 644 1328 etiamad
669 1265 887 1328 ministrorum
903 1265 1173 1327 sustentationem

190 1364 412 1438 atterebantur,
435 1364 510 1432 inde
524 1363 685 1444 colligitur
710 1364 745 1425 in
765 1364 916 1442 praesenti
931 1381 1059 1442 quoque
1074 1363 1174 1424 disci-

188 1463 275 1542 plina
296 1462 452 1541 primitias
469 1462 542 1541 jure
560 1461 654 1540 exigi,
679 1462 707 1523 si
727 1468 781 1525 aut
801 1455 998 1525 consuetudo
1011 1461 1074 1522 loci
1088 1460 1174 1523 obti-

188 1565 273 1635 neat,
293 1553 347 1622 aut
359 1555 496 1620 ministri
510 1558 616 1643 altaris
630 1557 795 1638 indigeant
811 1560 867 1640 (l).

229 1660 267 1718 ll.
290 1655 418 1717 Decimae
439 1661 512 1718 sunt
529 1664 608 1718 certe
619 1676 694 1738 pars
712 1657 866 1737 fruetuum
880 1657 927 1718 vel
941 1657 1027 1717 lucri.
1052 1655 1174 1718 Dicun-

191 1763 244 1817 tur
257 1761 338 1815 certe
353 1772 439 1834 pars,
461 1772 526 1816 non
547 1754 692 1815 decima:
712 1771 788 1815 narn
802 1755 963 1816 interdum
985 1753 1087 1832 maj0r
1111 1755 1169 1827 est,

191 1852 353 1912 interdum
373 1852 478 1913 minor
497 1851 538 1914 ob
561 1852 716 1913 diversam
734 1853 879 1915 locorum
894 1851 1171 1915 consuetudinem.

193 1951 349 2012 Dicuntur
362 1955 468 2011 autem
479 1969 551 2030 pers
565 1949 719 2028 fructuum
731 1949 779 2010 vel
793 1950 880 2024 lueri,
896 1949 1027 2029 quiavel
1038 1943 1174 2010 exfruc-

192 2047 277 2110 tibus
301 2048 507 2126 praediorum,
530 2050 578 2110 vel
595 2065 632 2110 ex
646 2049 735 2110 lucro
751 2047 914 2132 industria
930 2049 1170 2127 persolvuntur;

195 2145 278 2206 unde
293 2146 450 2224 praecipua
474 2162 583 2208 earum
607 2145 720 2208 divisio
744 2150 791 2208 est
810 2146 843 2207 in
855 2145 1014 2227 praedictas
1028 2152 1059 2209 et
1070 2165 1172 2226 perso·

192 2241 282 2304 noles.
1170 2315 1174 2324 ι

235 2341 263 2400 l.
289 2340 356 2411 Quo
364 2340 436 2419 jure
450 2339 646 2402 debeantur?
657 2373 697 2386 -
711 2341 836 2420 Duplici
854 2343 950 2404 modo
967 2343 1172 2404 consideran-

194 2441 246 2498 tur
260 2456 266 2498 :
282 2435 398 2515 primo',
408 2439 512 2515 quoad
525 2438 734 2501 substantiam
746 2446 901 2519 quatenus
911 2446 985 2502 sunt
996 2439 1172 2503 necessaria

195 2535 384 2596 sustentatio
405 2535 613 2611 clericorum,
638 2539 792 2612 secundo,
812 2540 916 2616 quoad
938 2538 1172 2600 determinatio·

195 2648 280 2692 nem.
306 2633 456 2706 Decimae,
477 2638 623 2710 respectu
637 2635 824 2696 necessarias
845 2634 1092 2710 sustentationis,
1108 2637 1171 2697 cle-

195 2727 270 2790 ricis
285 2731 401 2792 debitae
411 2735 485 2791 sunt
490 2730 561 2808 jure
574 2731 701 2806 divin0;
728 2719 877 2811 respectu
889 2751 962 2795 vero
976 2732 1169 2811 quantitatis,

196 2827 385 2890 ordinantur
396 2829 708 2907 jureecclesiastico.
744 2879 749 2888 .

235 2928 265 2986 2.
290 2925 524 2987 consuetudine
539 2927 682 3006 primum
696 2926 729 2987 in
742 2927 886 2989 ldcclesia
905 2926 1062 3002 inductae,¹
1083 2941 1174 2988 cano·

198 3020 290 3083 nibus
313 3025 447 3085 firmatae
473 3027 556 3085 sunt.
588 3026 723 3104 Propter
743 3041 854 3086 curam
880 3024 1070 3101 animarum,
1100 3022 1174 3085 olim

197 3118 357 3197 Episcopo
386 3119 610 3198 solvebantur;
642 3122 724 3184 facta
756 3121 910 3185 divisione
935 3121 1094 3184 bonorum
1126 3135 1176 3182 eo·

199 3215 463 3294 clesiastidorum‚
490 3220 622 3298 dejure
643 3219 807 3282 communi
831 3221 869 3281 ad
895 3220 1052 3303 parochos
1077 3216 1176 3298 perti·

198 3315 290 3374 nent.

239 3411 270 3472 3.
292 3409 490 3490 obligatione
503 3414 643 3476 solvendi
658 3413 795 3478 decimas
810 3414 905 3476 eximi
920 3431 1089 3494 possumus
1102 3427 1177 3475 con·
1224 3413 1228 3421 '

233 3597 266 3660 (t)
278 3597 369 3660 Soglia,
383 3597 554 3648 institutiones
561 3599 632 3664 jurr's
641 3600 804 3652 ecclesiastici
814 3602 923 3668 pt'ivuti,
934 3601 978 3650 lib.
997 3597 1028 3660 Il,
1043 3613 1099 3662 cap.
1129 3627 1135 3654 ι
