2604 4264
170 213 223 260 120
346 211 504 258 oxeostrm
526 212 704 258 ΜΒΤΗΟΠΙΟΑ
723 213 807 258 tutus
829 213 985 259 cademot.
1001 282 1005 300 Ι

167 329 278 392 ticum.
294 329 466 408 Propterea
479 329 512 390 in
523 327 715 408 quibusdem
725 330 850 392 casibus
863 331 934 392 usui
948 331 1085 409 profano
1098 330 1157 392 in-

167 427 283 500 servire
296 431 469 514 nequeunt,
486 425 548 488 nisi
566 428 606 488 de
621 425 921 507 licentiaEpiscopi.

431 638 446 701 ἓ
464 637 488 688 2.
508 663 536 674 -
556 636 594 688 De
608 635 693 689 rebus
709 636 879 689 benedictis.

204 770 254 853 A'd
270 809 319 853 res
334 791 518 857 benedictas
532 793 693 872 pertinent
712 810 784 855 vasa
799 810 897 870 sacra,
915 792 1021 854 altaris
1035 791 1148 868 lintea,

61 894 65 906 '
165 894 267 952 vestes
281 907 391 950 sacrae.

204 989 228 1049 Ι.
252 987 323 1048 Vasa
339 1007 434 1064 sacra,
452 1007 523 1066 quac
551 988 754 1050 solummodo
781 990 820 1050 ad
844 985 1064 1066 recipiendam
1088 988 1149 1048 biu-

165 1082 346 1147 charistiam
369 1087 578 1160 destinantur,
593 1103 709 1167 nempe
732 1084 889 1147 ciborium
905 1081 1073 1163 empyreis,
1096 1083 1146 1144 lu-

164 1183 239 1243 nula
254 1184 431 1263 ostensorii‚
445 1182 689 1245 benedicuntur.
702 1181 884 1245 Laudabilis
899 1187 946 1244 est
961 1179 1147 1243 benedictio

165 1281 263 1342 totius
273 1282 440 1343 ostensorii
455 1287 486 1342 et
499 1280 707 1344 tabernaculi.
956 1273 957 1278 ’

204 1380 280 1440 Haeo
291 1384 399 1441 autem
409 1377 556 1439 benedici
566 1384 701 1457 possunt
711 1379 750 1440 ab
759 1379 798 1440 iis
812 1377 866 1458 qui
879 1379 999 1440 habent
1008 1377 1146 1438 faculta-

164 1479 231 1537 tem
242 1475 453 1538 benedicendi
469 1482 570 1538 vestes
586 1494 701 1539 sacras.
947 1545 948 1552 ἵ

202 1575 241 1635 ΙΙ.
255 1574 486 1635 Liateoattoris
508 1607 549 1620 -
570 1575 723 1637 Benedici
738 1575 853 1636 decent
875 1591 999 1652 mappae
1021 1573 1142 1648 altaris,

163 1669 340 1749 corporalia
361 1677 391 1733 et
407 1673 511 1752 palia,
539 1691 605 1734 non
617 1691 692 1735 vero
716 1671 982 1752 purificatorium,
999 1671 1095 1732 bursa
1113 1676 1146 1731 et

162 1767 401 1838 velumcaiicia
544 1777 547 1782 ’

201 1861 311 1924 Lintea
325 1882 412 1926 sacra
428 1865 643 1929 coniiciuntur
663 1884 700 1928 ex
715 1865 782 1928 lino
797 1868 845 1928 vel
865 1865 1017 1927 cannabe.
1034 1864 1145 1929 Prohi-

161 1960 261 2022 bitum
276 1963 335 2024 fuit
360 1964 404 2024 uti
426 1963 657 2043 corporalibus,
682 1965 775 2043 pallis
801 1970 833 2026 et
857 1962 1081 2043 purificatoriis
1105 1981 1144 2025 ex

161 2056 314 2140 gossypio‘
337 2062 493 2123 consectis
509 2061 562 2141 (t).
585 2064 631 2124 Ex
645 2065 757 2124 eadem
773 2062 907 2124 materia
929 2059 1143 2124 conficiuntur

165 2173 300 2237 mappae,
323 2159 605 2224 albaeetamictus

201 2256 257 2316 Ili.
284 2256 364 2317 Sunt
389 2256 487 2318 etiam
503 2259 704 2336 regulaequae
718 2256 901 2336 praefiniunt
913 2257 1142 2318 cesticmsacrc·

161 2371 228 2414 rum
238 2354 415 2430 materiam,
427 2355 574 2430 formam,
591 2355 732 2416 colorem
749 2360 780 2417 et
794 2355 1062 2416 benedictionem.

200 2449 406 2527 Vestimenta,
431 2452 546 2530 quibus
561 2451 698 2514 Domino
713 2451 923 2535 ministratur,
937 2452 1058 2514 'debent
1075 2471 1142 2516 esse

162 2546 298 2610 honesta
320 2554 351 2610 et
371 2549 550 2611 benedicta.
580 2551 728 2611 Jamvero
753 2549 973 2612 benedicenda
996 2556 1070 2613 sunt
1102 2551 1141 2613 ab

161 2645 321 2728 Episcopo
335 2649 382 2708 vel
398 2648 614 2727 apresbytero
636 2648 791 2728 delegato.
808 2651 904 2710 Suam
917 2654 1023 2722 autem
1043 2649 1141 2712 bene-

163 2741 338 2806 dictionem
351 2744 513 2821 amibont,
530 2746 659 2823 quando
681 2746 729 2807 vel
745 2765 811 2809 non
826 2749 963 2830 amplius
979 2755 1055 2814 suot
1069 2756 1142 2830 apta
1174 2779 1180 2788 ·

163 2840 205 2918 ad
214 2841 436 2920 ministerium,
451 2843 499 2904 vel
509 2859 599 2903 suam
611 2844 746 2904 formam
759 2862 824 2907 non
839 2848 990 2910 retinent.

364 3033 365 3038 ’
456 3037 513 3102 §¹³0
526 3063 558 3076 -
570 3037 607 3089 lte
626 3038 711 3092 rebus
727 3041 855 3146 sanctis.⁸

201 3191 381 3254 Generatim
394 3195 433 3254 ad
446 3212 495 3256 res
510 3195 673 3275 religiosas
688 3197 869 3261 referuntur
882 3199 990 3262 omnia
1004 3219 1076 3282 quae
1091 3200 1142 3263 vel

161 3287 261 3350 cuitui
287 3289 394 3350 divino
420 3294 468 3352 vei
490 3293 637 3373 religioni
660 3294 842 3358 inserviunt.
871 3299 1023 3377 Superest
1046 3303 1082 3361 ut
1108 3298 1139 3358 in

164 3385 271 3467 specie
287 3389 508 3467 expendantur¹
515 3408 564 3452 res
578 3395 707 3454 sanctas.

192 3541 225 3604 (t)
239 3541 372 3592 Decretum
386 3541 421 3590 Pii
431 3541 487 3604 vu,
497 3545 564 3629 apud
575 3543 722 3608 Gardetlini‚
737 3555 766 3596 o⁰
777 3547 847 3600 tua
