2590 4262
185 279 238 326 268
350 279 508 326 uxeusfflo
528 279 706 326 uuruoulct
726 281 809 328 tutus
831 281 986 326 CANONICI.

187 397 298 476 capitis
311 395 484 461 concilium
502 399 578 474 vult,
596 405 629 458 ut
643 397 786 480 Episcopi
798 397 915 459 liberius
929 397 1034 478 eccequi
1044 398 1173 459 uehunt

186 494 335 576 officium,
349 495 516 576 corrigendi
523 495 734 576 clericosatqui
750 515 864 574 scopus
874 496 1059 574 imperfecte
1068 496 1171 559 attiu-

187 598 326 672 geretur,
348 592 374 652 si
402 593 535 654 facultas
557 593 591 654 in
610 594 697 655 huuc
711 595 809 655 finem
822 593 988 672 Episcopis
1013 610 1171 656 concessa

188 707 253 751 non
300 692 522 753 extenderetur
557 692 597 752 ad
633 692 873 772 suspensionem
919 689 958 751 ah
999 691 1172 752 ordinibus

189 789 354 866 susceptis.

228 885 362 948 Accedit
391 887 673 970 contectusvcapitis
696 906 703 948 :
730 887 824 948 verba
844 885 1068 967 quomodolibet,
1094 895 1175 961 ete,

189 984 312 1046 censeri
326 984 444 1045 dehent
455 984 589 1063 repetita
602 985 636 1044 in
650 985 789 1071 secunda
806 991 906 1064 parte,
923 991 990 1046 tum
1004 983 1078 1062 quia
1087 1001 1177 1046 con-

188 1081 297 1144 cilium
315 1081 372 1142 suh
391 1083 482 1144 unica
497 1081 641 1145 oratione
664 1083 890 1161 complectitur
903 1081 1176 1144 interdictionem

187 1198 206 1241 a
218 1177 427 1257 suscipiendis
441 1184 473 1240 et
486 1179 700 1257 dejectionem
712 1197 730 1240 a
740 1180 894 1259 susceptis
906 1178 1083 1252 ordinibus,
1097 1184 1178 1240 tum

189 1275 262 1356 quia
274 1278 415 1356 alioquin
428 1277 600 1339 concilium
614 1277 646 1336 in
661 1279 800 1340 secunda
814 1283 902 1356 parte
921 1278 1042 1338 nullam
1056 1280 1177 1354 potes-

187 1381 285 1438 tatem
302 1374 467 1452 Episcopis
480 1372 695 1450 attribuisset;
712 1374 831 1436 nemini
847 1374 932 1436 enim
948 1374 1083 1435 dubium
1098 1388 1177 1434 esse

188 1477 313 1552 poterat
323 1472 397 1549 quin
412 1469 453 1531 oh
466 1471 589 1533 crimen
601 1473 815 1548 manifestum,
832 1477 864 1534 et
872 1473 1079 1552 judicialiter,
1091 1471 1178 1532 lice-

189 1577 239 1632 ret
252 1568 417 1648 Episcopis
429 1569 612 1630 sacerdotes
623 1571 817 1648 suspendere
830 1569 880 1650 (1).

124 1656 126 1660 ’
229 1666 328 1728 Prob.
347 1668 379 1726 3⁰
398 1683 436 1726 ex
456 1665 543 1728 hulla
556 1667 714 1730 Auctorem
732 1667 814 1748 fidet.
831 1669 904 1729 Pius
920 1670 961 1729 Vl
987 1665 1177 1728 doctrinam

189 1762 303 1842 synodi
317 1762 516 1823 Pistorieusis
530 1764 689 1825 damnavit
699 1764 748 1825 his
761 1764 881 1826 verbis:
897 1789 912 1819 n
921 1763 1105 1842 Propositio
1114 1766 1174 1836 49,

190 1877 261 1938 quae
283 1859 412 1922 damnat
430 1865 467 1921 ut
490 1861 593 1922 nullas
613 1867 645 1924 et
659 1861 810 1924 invalidas
825 1861 1049 1941 suspensiones
1065 1879 1103 1923 ex
1120 1860 1177 1920 in·

189 1957 323 2018 formata
334 1953 539 2034 couscientia,
551 1991 592 2004 -
604 1959 691 2035 falsa,
704 1956 892 2040 perniciosa,
903 1959 936 2018 in
947 1957 1175 2020 Tridentiuum

190 2071 352 2132 injuriosa.
369 2078 383 2112 u

292 2255 315 2301 2.
328 2253 414 2302 Causa
429 2252 455 2301 iu
467 2253 558 2314 utribus
567 2253 709 2316 proceditur
720 2267 749 2303 ax
760 2253 892 2304 informata
903 2253 1064 2304 conscientia.

229 2409 298 2468 Duo
322 2409 396 2467 sunt
417 2407 610 2469 attendenda
626 2427 634 2470 :
649 2411 677 2470 l.
703 2393 838 2484 Qualitas
853 2426 1041 2484 causarum3
1059 2413 1089 2470 2.
1107 2409 1170 2468 ltla·

191 2522 263 2567 rum
275 2501 433 2566 certitudo.

230 2606 254 2665 Ι.
274 2601 407 2677 Qualitas
418 2619 573 2660 causarum
586 2601 742 2679 ejusmodi
755 2601 875 2680 duplici
893 2603 1001 2682 regula
1015 2602 1170 2664 determi-

191 2706 294 2762 natur.

232 2803 264 2862 l.
288 2798 463 2876 Episcopus
478 2811 543 2856 uon
565 2795 662 2855 debet
675 2795 846 2857 sententias
860 2797 942 2858 ferre
955 2816 992 2859 eu
1007 2795 1169 2876 iufomuutu

189 2895 373 2971 couscientia,
392 2893 453 2956 nisi
479 2893 607 2974 quaudo
630 2893 716 2954 hunc
739 2895 871 2954 modurn
894 2893 1169 2973 extroJudicialem

192 2993 350 3054 existimat
363 2992 567 3054 necessarium.

230 3089 322 3152 Ratio
341 3098 397 3165 est,
414 3091 489 3171 quia
507 3091 566 3151 iste
583 3087 699 3148 modus
713 3088 909 3168 procedendi
929 3105 1101 3151 concessus
1122 3093 1171 3150 est

190 3189 230 3248 ad
244 3187 476 3266 providendum
492 3184 733 3250 necessitatibus
755 3186 978 3247 ecclesiarume
994 3189 1105 3266 Neque
1119 3203 1170 3247 ex·

189 3284 280 3363 pedit
291 3286 480 3346 exercitium
497 3283 589 3364 hujus
604 3281 763 3344 facultatis
785 3289 902 3362 praeter
921 3301 1011 3346 casus
1030 3282 1168 3345 necessi-

190 3380 264 3442 tatis
279 3403 286 3458 ;
300 3383 442 3462 alioquin
460 3401 554 3445 exosa
573 3381 761 3458 redderetur
776 3382 947 3442 auctoritas
967 3382 1162 3455 Praesnlum3

192 3476 257 3538 iuro
279 3476 477 3542 incurrerent
501 3478 680 3558 periculum
704 3465 941 3541 condemnindi
965 3479 1163 3552 innocentes,

223 3619 257 3683 (t)
266 3621 376 3684 fagnau,
394 3623 420 3672 in
436 3636 491 3686 erp.
505 3621 546 3672 Act
556 3634 642 3683 aures,
651 3619 682 3668 de
694 3618 852 3684 Temporibus
862 3621 1066 3675 Ordinatiouum.
