2590 4262
258 289 308 335 aas
420 243 578 334 uxrosrrro
600 287 777 334 unruoumx
799 289 882 334 suris
905 263 1070 336 ennomus

255 407 366 469 ordine
388 408 427 467 ad
449 408 546 468 [inem
567 407 850 484 supernaturalem.
868 408 987 470 Calices
1006 425 1093 483 vero,
1112 413 1142 470 et
1158 408 1214 472 aliae

254 521 304 566 res
325 522 422 566 sacrae
440 502 594 565 habentes
615 503 782 564 materiam
806 505 909 583 pretio
934 505 1164 583 aestimabilem,
1178 527 1216 570 se-

255 603 395 663 cundum
410 603 498 663 illam
516 601 608 662 vendi
623 606 756 678 possunt
769 601 889 679 absque
904 603 1062 677 simonia;
1080 603 1153 665 ratio
1165 611 1212 679 est,

255 699 330 776 quia
346 718 410 760 non
428 700 601 760 amiserunt
613 699 752 759 valorem
765 699 956 762 naturalem.

187 797 195 803 ’
296 794 437 858 Simonia
450 815 524 858 vero
539 813 604 856 non
618 795 841 870 committitur,
859 797 983 874 quoties
998 797 1083 858 alius
1096 799 1213 875 suppetit
1266 799 1267 884 l

250 892 353 970 justus
370 895 501 968 titulus3
519 913 547 954 v.
568 912 597 972 g.
618 894 805 955 sustentatio
824 892 1047 956 ministrorum
1071 895 1212 968 Ecclesia,
1266 895 1267 962 ζ

252 991 302 1050 vel
329 991 439 1051 titulus
465 990 586 1052 laboris
611 991 790 1068 extrinseci,
820 991 1033 1070 gratitudinis,
1065 996 1212 1053 consuetu·
1266 979 1267 1058 i

255 1087 348 1146 dinis.
1266 1071 1267 1104 ³

293 1187 332 1246 ll.
348 1183 449 1246 Poeaoe
469 1194 571 1246 contra
591 1186 741 1246 simoniam
762 1193 894 1248 statutae.
918 1221 959 1230 —
981 1186 1126 1249 Ecclesia
1144 1187 1211 1246 nel·
1266 1179 1267 1264 l

253 1283 337 1344 rium
358 1282 502 1344 simoniae
527 1283 648 1343 crimen
673 1299 798 1365 semper
820 1285 976 1345 detestata
996 1289 1057 1359 est,
1078 1281 1212 1360 variisque
1266 1271 1267 1360 l

252 1382 353 1459 paenis
369 1398 427 1459 pro
442 1378 592 1458 gravitate
608 1379 797 1442 delictorum
812 1381 845 1441 in
871 1381 1065 1445 simoniacos
1092 1381 1212 1442 animad-

258 1479 363 1540 vertit.

292 1579 320 1639 l.
335 1576 430 1634 Poena
449 1573 510 1633 lori
526 1573 647 1634 externi
661 1593 726 1637 non
740 1575 913 1637 incurritur
927 1594 984 1655 per
998 1576 1165 1638 simoniam
1175 1574 1210 1635 in·

251 1675 385 1744 ternam,
401 1685 504 1748 neque
523 1689 580 1749 per
601 1671 769 1734 simoniam
786 1677 967 1750 mentalem,
988 1692 1096 1754 neque
1115 1691 1167 1752 per
1183 1673 1211 1732 si·
1266 1701 1267 1728 t

252 1766 393 1829 moniam
407 1768 936 1850 conventionalem‘incompletam.

289 1867 320 1924 2.
348 1866 444 1924 Poena
470 1865 645 1928 simoniace
676 1867 841 1930 ordinantis
865 1877 924 1936 est¹
940 1866 1211 1932 excommunicatio

251 1962 323 2021 late
342 1963 507 2023 sententiae
533 1964 667 2025 Summo
692 1967 840 2029 Pontifici
855 1974 1029 2044 reservata;
1061 1969 1137 2030 item
1159 1981 1211 2026 sus-

250 2058 362 2137 pensio
383 2059 422 2120 ab
443 2061 594 2122 exercitio
616 2079 784 2124 munerum
806 2066 1054 2143 pontificalium,
1081 2070 1111 2127 et
1131 2063 1209 2124 inter-

251 2156 374 2216 dictum
388 2157 427 2217 ab
443 2157 586 2236 ingressu
607 2159 760 2221 ecclesiae.
776 2162 955 2224 simoniace
974 2182 1050 2226 vero
1066 2160 1208 2233 orditam,

250 2257 366 2331 praeter
395 2254 513 2315 dictam
545 2259 919 2336 excommunicationem,
954 2261 1154 2341 suspenditur
1179 2255 1208 2315 ab
1249 2261 1267 2348 .,

250 2349 401 2412 exercitio
418 2353 576 2414 ordinum.
1266 2363 1267 2438 j

289 2450 318 2509 3.
340 2449 496 2509 Adversus
517 2451 686 2543 simoniam
707 2455 826 2515 realem
850 2455 883 2515 in
907 2455 1109 2538 beneficiorum
1128 2452 1206 2516 oolla·

249 2545 337 2606 tione
360 2552 391 2606 et
414 2548 615 2625 susceptione
636 2550 751 2629 triplex
770 2569 936 2629 paenarum
951 2572 1051 2632 genus
1066 2557 1120 2626 est,
1134 2547 1205 2610 vide·
1266 2571 1267 2602 r

248 2641 324 2704 licet
346 2643 642 2722 excommunicatio,
671 2647 849 2710 invaliditas
876 2651 1076 2728 provisionis,
1103 2642 1207 2708 inhabi-

249 2741 319 2802 litas
331 2743 371 2802 ad
382 2741 545 2803 beneficia.
563 2743 715 2805 Simonias
727 2745 941 2826 confidcotzbtia
951 2748 1105 2828 graviores
1116 2757 1202 2824 pente

250 2841 340 2913 sunt;
371 2857 447 2900 nam
469 2844 624 2918 praeterea
654 2840 849 2906 beneficium
870 2845 1051 2927 xsimoniace
1076 2843 1204 2908 collatum

250 2935 726 3015 SediApostolicaereservatur.
783 2933 784 2936 ’

287 3039 318 3096 l.
341 3037 436 3097 Poena
455 3038 637 3100 simoniacae
659 3041 865 3119 professionis
887 3043 1045 3122 religiosae
1061 3032 1203 3104 sitaestin

248 3135 577 3199 excommunicatione
600 3138 672 3199 latae
698 3140 864 3201 sententiae
889 3142 982 3218 Papae
1008 3132 1201 3206 reservasset

249 3232 453 3318 suspensione
468 3236 652 3297 monasterii
667 3236 836 3298 ab'ofticiis
852 3239 1078 3316 capitularibus
1095 3239 1105 3314 l
1123 3232 1140 3313 ).

277 3415 310 3479 (l)
324 3415 553 3482 Scbmalzgrueber,
569 3423 830 3487 Jusccclesr'asticum,
845 3428 887 3475 lib.
899 3429 928 3488 V,
939 3428 977 3477 tit.
993 3443 1030 3477 ur.
