2604 4264
213 255 262 300 188
373 255 528 300 EXPOSITIO
549 255 727 300 aurausica
747 255 831 301 Juals
852 254 1007 301 canuntur.

210 372 298 434 tialia
308 370 521 451 judiciorum
537 389 610 432 nam
623 372 693 433 haec
709 377 782 433 sunt
798 371 878 452 juris
897 365 1062 447 naturalis,
1076 375 1202 432 contra

213 471 297 549 quod
312 471 482 548 prevalere
497 470 693 535 consuetudo
712 487 778 531 non
792 471 897 547 potest
912 469 963 548 (l).
1159 460 1165 466 ’

251 569 289 629 ll.
319 567 503 628 iudiciorum
517 567 610 628 uaria
622 577 691 627 suat
701 566 938 648 specicsratione
952 567 1000 628 vel
1013 564 1198 646 causoeeffi-

212 665 320 739 u'entis,
337 664 385 727 vel
397 666 539 738 rnaterioe,
553 667 601 726 vel
613 665 728 745 farma,
741 665 789 726 vel
802 663 881 744 finis.

253 765 281 824 l.
298 763 432 824 Ratione
446 781 541 823 causa
562 762 725 844 efficientis,
737 760 895 842 judicium
914 760 1066 822 dividitur
1088 759 1123 819 in
1145 777 1201 820 ec-

212 860 402 922 clesiasticum
417 865 447 920 et
461 859 610 922 seculare.
624 862 705 922 Illud
717 878 736 920 a
741 859 850 939 judice
861 858 1087 934 ecclesiastica,
1105 857 1196 917 istud

212 976 231 1018 a
236 956 347 1037 iudice
361 959 443 1019 laico
462 957 648 1020 instituitur.

253 1059 283 1116 Ξ.
300 1055 433 1117 Ratione
454 1057 606 1131 materia,
637 1053 843 1134 distinguitur
858 1053 1018 1134 judicium
1033 1051 1200 1134 spirituale

214 1159 246 1216 et
267 1153 434 1234 temporale.
459 1156 476 1216 J
480 1152 623 1214 odicium
643 1152 799 1233 spirituale
815 1151 920 1214 differt
933 1152 971 1213 ab
988 1151 1195 1225 ecclesiastico,

214 1251 295 1312 siout
310 1251 459 1329 speciosa
474 1267 599 1327 genere,
620 1249 693 1327 quia
707 1249 741 1308 in
757 1249 975 1310 ecclesiastico
996 1251 1044 1328 agi
1057 1252 1202 1326 possunt

215 1347 311 1410 etiam
340 1364 443 1409 causae
470 1347 612 1424 prolana
639 1345 839 1408 elericorum.
870 1347 1057 1425 Temporale
1083 1350 1202 1406 autem

216 1447 353 1507 differta
371 1442 515 1517 saeculari,
535 1444 616 1506 sicut
638 1461 737 1524 genus
752 1462 771 1504 a
785 1443 901 1524 specie,
919 1461 993 1504 cum
1008 1461 1101 1505 causa
1113 1448 1202 1504 tem-

213 1541 328 1621 poralis
341 1539 437 1601 etiam
451 1557 559 1601 coram
573 1539 682 1619 judice
699 1540 918 1603 ecclesiastica
934 1539 1050 1601 discuti
1076 1541 1195 1602 valeat.

255 1641 286 1698 3.
299 1638 432 1698 Ratione
447 1637 563 1717 forare,
586 1638 671 1700 aliud
690 1644 737 1700 est
746 1637 904 1718 judicium
918 1635 1113 1712 ordinarium,
1136 1655 1197 1698 scu

213 1733 380 1815 plenarium
408 1739 439 1796 et
454 1735 607 1810 solemne,
626 1736 736 1815 inquo
753 1735 833 1814 juris
849 1753 959 1796 omnes
978 1733 1199 1795 solemnitates

215 1831 436 1906 observantur3
453 1833 539 1895 aliud
552 1831 760 1913 estjudicium
774 1833 966 1893 summarium
981 1848 1036 1891 seu
1050 1835 1197 1892 extraor-

216 1928 386 2005 dinarium,
406 1929 438 1990 iu
452 1949 527 2008 qua,
548 1932 616 1993 sola
628 1932 674 1994 rei
689 1931 819 1994 veritate
843 1935 975 2004 attenta,
1003 1927 1196 2006 simpliciter

217 2027 284 2089 siue
299 2019 434 2105 strepitu
445 2027 560 2107 judicii
570 2029 719 2090 solemnis
730 2029 926 2106 proceditur,
943 2027 1072 2089 servatis
1087 2031 1196 2088 tamen

217 2123 255 2184 iis
268 2124 504 2186 conditionibus
520 2145 590 2204 qum
598 2127 670 2206 jure
681 2125 788 2186 divino
799 2123 1014 2204 requiruntur.

258 2224 426 2283 Processus
440 2222 629 2284 summarius
640 2221 817 2285 instituitur
825 2221 891 2283 sive
903 2222 943 2283 oh
955 2239 1063 2284 causas
1077 2239 1195 2301 urgen-

217 2325 275 2395 tes,
291 2337 362 2398 quas
380 2320 516 2381 celerem
539 2312 774 2398 expeditionem
793 2321 966 2405 postulant,
987 2317 1050 2380 sive
1063 2317 1104 2380 ob
1121 2335 1199 2380 eau-

218 2435 266 2478 sas
282 2415 438 2491 modicaS,
453 2417 486 2476 in
499 2416 615 2495 quihus
626 2419 666 2479 de
678 2435 774 2497 parvo
791 2418 908 2477 damno
921 2417 1025 2495 agitur
1041 2417 1051 2493 i
1071 2415 1093 2494 ).

260 2512 437 2575 litatione
456 2514 535 2595 fiais,
561 2514 719 2593 judicium
734 2514 888 2576 dividitur
900 2513 933 2574 in
954 2514 1037 2574 ciuile
1052 2519 1083 2574 et
1095 2513 1196 2574 eumi-

219 2609 294 2674 uaie.
311 2611 474 2673 iudicium
487 2610 651 2674 criminale
662 2617 709 2674 est
721 2611 799 2673 illud
815 2612 848 2672 in
863 2631 925 2690 quo
941 2615 980 2673 de
995 2610 1119 2674 delictis
1132 2609 1197 2689 agi-

220 2717 272 2770 tur
286 2710 325 2769 ad
339 2707 511 2772 vindictam
526 2708 697 2788 publicam.
723 2710 820 2772 Civile
831 2714 878 2772 est
891 2709 969 2771 illud
988 2708 1022 2770 in
1039 2728 1103 2788 quo
1118 2707 1194 2770 diri-

222 2805 318 2871 mitur
336 2827 429 2870 oausa
442 2827 507 2870 non
520 2807 706 2870 criminalis.

262 2906 314 2966 ΙΙΙ.
327 2905 465 2967 Personae
477 2893 668 2986 adjudicium
678 2913 879 2967 concurrentes
893 2909 965 2966 suut
978 2906 1023 2966 vel
1032 2904 1197 2966 necessarie

223 3002 271 3063 vel
289 3004 460 3066 auxiliares.

261 3101 491 3178 Trespersonae
503 3100 662 3180 judiciu'm
678 3100 886 3175 constituunt,
902 3117 1018 3177 nempe
1025 3099 1135 3180 judea,
1149 3119 1195 3159 uc·

225 3203 272 3254 tar
284 3201 314 3256 et
329 3217 405 3259 reus.
423 3202 526 3261 ludex
543 3203 590 3262 est
602 3219 738 3280 persona
751 3197 891 3278 publica,
902 3198 1075 3261 instructus
1093 3203 1194 3276 potes-

224 3297 288 3353 tate
313 3309 439 3354 causam
465 3302 700 3360 controversam
717 3296 942 3376 cognoscendi,
961 3302 993 3357 ct
1007 3293 1193 3356 sententiam

226 3389 557 3468 proferendiRatioue
562 3393 904 3472 J'urisdictionis‚judex
913 3391 1142 3454 ecclesiasticus
1153 3396 1195 3453 est

258 3523 289 3584 (1)
303 3520 529 3584 Solimalzgrueber,
540 3525 587 3574 lus
598 3526 800 3587 ecclesiasticum,
811 3525 855 3575 lib.
866 3524 897 3584 ll,
908 3524 947 3574 tit.
964 3537 981 3572 ι.

258 3602 291 3662 u)
308 3600 385 3650 Clam.
398 3599 468 3664 Saepe
477 3603 606 3666 coutiapit,
614 3606 656 3655 tit.
670 3605 701 3655 cie
718 3603 853 3655 Verborum
867 3603 1062 3666 sipaificotiaae.
1127 3653 1130 3659 ,
