2590 4262
268 261 322 308 918
436 258 591 304 Exroslrlo
612 255 790 300 nnrflcnlcn
811 255 894 300 touls
918 255 1071 300 cauonlcl.

267 375 464 440 correlative
489 378 561 434 sunt
591 375 732 452 potestas
749 370 867 450 Judicis
882 371 921 431 ad
941 369 1195 449 interrogandum
1208 373 1232 428 et

267 474 418 553 obligatio
432 473 476 533 rei
490 470 801 549 ad'respondendum
812 466 866 547 (l).

308 575 378 632 Non
407 574 521 632 desunt
554 569 608 648 qui
641 567 715 629 satis
744 565 953 647 probabiliter
980 568 1126 646 doceant,
1154 581 1230 625 rcum

268 669 362 730 ctiam
390 667 531 748 legitime
562 667 793 744 interrogatum
816 683 987 742 ynmquam
1014 681 1089 724 sane
1119 662 1230 724 mentiri

266 783 376 844 posse,
404 772 543 845 attamen
572 763 605 824 in
634 762 737 825 causis
760 761 952 840 capitalibus
975 767 1030 823 aut
1055 759 1231 840 gravioribus

265 863 384 942 absque
408 863 502 941 culpa
522 859 648 921 mortali
674 865 781 924 tacere
795 877 899 938 posse,
918 861 965 921 vel
983 857 1229 936 interrogationes

266 962 405 1033 cludere,
420 977 485 1021 uno
500 959 595 1020 verbo
609 957 732 1019 crimen
754 973 846 1018 suum
858 975 922 1018 non
946 957 1096 1036 prodere,
1121 955 1229 1034 quoties

266 1061 333 1121 sine
348 1058 515 1120 mendacio
532 1057 564 1117 id
580 1055 648 1118 lieri
660 1057 768 1132 liccat,
784 1061 815 1117 ct
829 1056 912 1117 adsit
926 1073 998 1134 spes
1011 1055 1164 1116 evadendi
1179 1072 1229 1134 pc-

266 1175 351 1233 nam‚
369 1174 406 1218 eo
419 1156 504 1234 quod
517 1154 640 1215 crimen
654 1153 797 1214 nondum
816 1153 911 1231 plene
923 1153 1096 1230 probatum
1109 1153 1159 1226 sit,
1173 1149 1228 1212 nul-

266 1257 396 1334 lumque
420 1271 510 1335 grave
532 1254 686 1320 damnum
712 1251 871 1314 societatis
896 1251 1056 1314 timeatur.
1079 1251 1169 1313 Ratio
1182 1256 1226 1322 est,

248 1383 252 1388 .
267 1355 341 1433 quia
352 1359 550 1432 praeceptum
559 1351 733 1410 humanum
742 1349 934 1427 judicisnon
942 1351 1064 1428 obligat
1075 1367 1149 1410 cum
1160 1353 1228 1410 tanto

268 1453 471 1514 detrimento.
495 1451 570 1509 Haec
591 1445 746 1508 sententia
769 1448 969 1508 confessariis
994 1445 1110 1509 servire
1132 1452 1226 1526 potest,

268 1551 394 1630 quando
409 1565 480 1608 reus
504 1545 688 1627 persuaderi
711 1545 833 1622 nequit,
852 1551 889 1607 ut
910 1545 1033 1607 crimen
1047 1547 1132 1607 ultro
1151 1546 1228 1606 fatea-

269 1654 319 1708 tur
333 1646 386 1726 (2).
1211 1713 1214 1721 .

307 1747 335 1804 2.
347 1739 556 1804 Condemnari
565 1738 850 1818 potestconvictus‚
862 1739 920 1802 etsi
931 1739 1225 1802 minimecontessus.

270 1837 424 1902 Convictus
438 1842 595 1911 censetur,
610 1836 663 1914 qui
681 1835 854 1898 manifestis
868 1835 1109 1916 probationibus
1124 1835 1228 1897 crimen

267 1934 464 1998 commisisse
478 1936 725 1996 demonstratur.

281 2036 282 2045 ’
308 2036 373 2094 Reo
387 2031 508 2093 crimen
523 2035 668 2110 negante,
686 2029 754 2092 fieri
768 2029 885 2092 dicitur
904 2031 964 2092 litis
981 2031 1145 2092 contestatio
1159 2029 1227 2090 inter
1265 2043 1266 2070 ÷

268 2131 359 2191 illum
373 2135 403 2190 et
416 2130 539 2203 fiscum,
552 2129 695 2206 adeoque
710 2129 750 2188 ad
764 2126 972 2206 probationes·
984 2128 1170 2190 veniendum
1181 2131 1227 2188 est.

268 2230 303 2289 In
314 2227 398 2287 hunc
410 2226 506 2286 finem
520 2223 718 2302 recipiuntur
732 2230 839 2301 testes,
851 2223 1062 2287 instrumenta
1076 2233 1106 2288 et
1116 2242 1228 2288 concur·

269 2323 371 2387 rentia
387 2321 515 2398 indicia,
538 2327 572 2384 ut
591 2321 732 2401 legitime
750 2321 912 2403 probetur,
932 2341 1011 2384 num
1034 2341 1106 2385 reus
1126 2319 1227 2382 crimen

246 2503 249 2511 Ι
270 2419 507 2503 perpetraverit.
523 2419 623 2498 lgitnr
636 2426 743 2496 testes,
761 2418 815 2499 qui
833 2419 863 2481 in
879 2439 1030 2500 processu
1045 2416 1226 2481 informatiro

268 2525 335 2604 jam
366 2517 465 2581 auditi
493 2523 580 2591 sunt,
608 2517 709 2580 inscio
736 2535 790 2580 reo
817 2538 923 2606 pnrsus
947 2518 1178 2592 examinantur,
1201 2519 1227 2574 ut

225 2693 229 2700 Ι
270 2617 410 2701 ¹priorem
436 2613 669 2693 depositionem
694 2617 895 2679 confirment.
925 2616 1105 2696 Aliquando
1126 2616 1158 2677 fit
1179 2631 1229 2672 ron·

272 2717 424 2792 frontatis),
444 2732 499 2775 seu
517 2711 752 2792 depositionum
772 2713 934 2776 renovatio
947 2732 1058 2778 coram
1072 2707 1135 2790 reo,
1157 2706 1228 2792 quasi

272 2817 374 2879 fronte
394 2815 431 2874 ad
450 2814 589 2872 frontem
605 2816 744 2889 peracta.
766 2812 923 2874 Caeterum
941 2830 1013 2874 reus
1031 2815 1132 2892 potest
1150 2823 1228 2886 repe-

272 2913 376 2977 titioni
389 2909 518 2974 testium
530 2899 725 2971 renuntiare.

250 3062 252 3066 ,
311 3006 477 3071 'terminus
499 3008 590 3087 datpr
611 3023 666 3067 reo
685 3007 725 3068 ad
746 3023 790 3071 so.
803 3007 1060 3082 defendendum3
1082 3007 1153 3070 idco
1170 3021 1227 3084 pro·

273 3126 379 3170 cessus
394 3106 498 3168 eidem
514 3103 781 3181 communicatur,
797 3111 833 3166 ut
847 3103 921 3166 inde
941 3104 1042 3185 possit
1062 3104 1163 3185 capita
1177 3116 1226 3162 sue

274 3203 463 3267 detensionis
486 3203 653 3265 instruere.
679 3205 803 3265 lnterea
829 3202 906 3265 licet
931 3203 1108 3266 accusatori
1133 3199 1227 3282 proba-

273 3300 374 3362 tiones
399 3316 469 3374 suas
491 3318 620 3387 augere,
640 3298 744 3362 citatis
761 3297 829 3362 aliis
851 3300 1002 3377 testibus3
1025 3302 1110 3381 quod
1131 3299 1227 3362 dicitur

304 3443 339 3506 (l)
354 3444 458 3494 Summa
478 3445 623 3510 theologico,
637 3449 661 3506 2,
683 3447 706 3507 2,
719 3446 822 3508 quaestio
836 3448 874 3497 69.
891 3473 922 3484 —
936 3449 1061 3510 lli-ascbat,
1078 3445 1229 3497 nstitutum

267 3523 338 3590 juris
352 3525 471 3583 cononici,
487 3525 532 3574 tib.
552 3525 584 3585 ll,
594 3526 633 3574 tit.
650 3527 768 3586 xv111,de
785 3526 922 3589 Confectis.
1058 3579 1064 3600 Ι

304 3605 337 3666 (tl
350 3603 574 3664 Scbmnlzgrnobcr,
588 3605 633 3653 dur
644 3605 852 3671 ecclesiasticum,
863 3608 906 3657 lib.
920 3607 952 3668 ll,
966 3609 1004 3657 tit.
1021 3622 1096 3659 xvnr.
