2618 4252
461 295 537 340 PARS
559 293 722 340 SPEGIAHS.
1026 295 1079 341 ΞΝ

143 415 172 472 3.
212 412 285 490 Ipsa
312 412 474 490 sepultura
507 411 637 473 in'loco
671 427 761 472 sacro
792 429 859 474 non
881 412 1082 491 prohibetur.

102 508 241 572 Proinde
256 509 365 572 clerici
389 514 420 571 et
446 509 520 571 laici
542 513 674 588 possunt
687 510 720 570 in
732 512 925 573 coemeteriis
947 511 1084 592 sepeliri,

103 609 173 670 siue
187 612 295 682 tamen
311 607 492 669 divinorum
512 607 690 670 officiorum
705 609 917 672 solemnitate.

145 708 198 769 lv.
215 705 361 786 oottpau'o
383 703 522 766 servandi
534 705 748 767 cessatrooema
769 705 887 769 diurnis.

147 801 440 868 Cessatioadivinis
456 802 575 880 obligat
594 803 652 864 suh
670 805 796 864 mortali
811 804 932 866 directe
953 805 1086 866 clericos

106 908 139 966 et
169 902 325 964 indirecte
346 902 462 980 laicos;
486 901 603 964 etenim
620 902 738 964 violans
752 903 841 963 illam
855 904 1088 983 transgreditur

104 1003 211 1081 legem
225 998 477 1062 ecclesiasticam
495 999 527 1060 in
542 1000 674 1061 materia
688 998 785 1078 gravi.

148 1099 223 1178 lljns
238 1097 443 1159 violatoribus
466 1097 642 1178 generatim
657 1103 783 1160 nonest
809 1104 894 1162 certa
907 1117 1000 1178 poena
1015 1099 1086 1178 ipso

100 1198 176 1276 jure
197 1195 365 1274 imposita;
388 1196 523 1274 proinde
542 1195 673 1257 arbitrio
693 1195 811 1274 judicis
830 1197 936 1275 puniri
954 1197 1084 1260 debent.

105 1293 434 1354 Excommunicantur
455 1309 528 1354 vero
553 1293 712 1371 regulares
731 1292 827 1355 etiam
854 1293 994 1373 exempti
1019 1294 1087 1354 vio-

103 1391 207 1451 lantes
221 1390 430 1452 cessationem
446 1390 637 1468 generalem,
658 1407 730 1468 quae
748 1390 787 1451 ah
812 1391 947 1452 ecclesia
969 1391 1087 1468 princi-

105 1488 174 1566 pali
190 1487 374 1549 observatur
393 1485 446 1566 (t).

149 1584 289 1646 cessatio
305 1603 322 1646 a
335 1584 450 1644 divinis
460 1583 584 1646 tollitur
596 1585 789 1647 relaxatione
799 1586 936 1666 ejusqui
945 1603 1014 1648 eam
1027 1584 1088 1644 im·

108 1681 229 1763 posuit,
253 1683 302 1743 vel
320 1683 373 1762 qui
395 1681 492 1742 simili
512 1687 669 1760 potestate
683 1684 836 1763 praeditus
853 1689 911 1761 est,
931 1703 960 1746 v.
975 1702 1005 1762 g.
1021 1683 1088 1762 ejus

109 1782 259 1862 superior
272 1786 327 1844 aut
339 1781 513 1860 delegatus

467 2031 687 2087 ARTICULUS
706 2031 735 2084 ll

433 2210 467 2248 DE
488 2209 572 2248 POENIS
593 2207 781 2247 VINDICATIVIS.

155 2385 273 2446 Praeter
293 2401 453 2459 censuras,
477 2383 620 2445 Ecclesia
645 2381 741 2444 etiam
768 2380 870 2460 pmnis
895 2379 1092 2441 vindicativis

113 2482 175 2543 sibi
195 2482 333 2560 propriis
355 2481 456 2544 utitur
469 2486 538 2543 tum
557 2484 668 2542 contra
680 2479 789 2554 latoos,
805 2484 875 2539 tum
898 2482 1010 2539 eontra
1025 2477 1092 2538 cle-

113 2582 211 2645 riuos

154 2682 178 2741 Ι.
199 2679 304 2742 Poenae
315 2679 462 2760 plurimae
475 2687 577 2740 contra
592 2677 688 2752 laicos,
703 2676 781 2738 olim
794 2676 828 2736 in
844 2675 914 2735 foro
930 2670 1096 2734 ecclesias-

113 2777 179 2855 tico
198 2776 343 2840 adhiberi
359 2782 533 2851 consuetae,
546 2775 643 2836 hodie
662 2774 876 2834 exoleverunt.
891 2771 937 2830 Ex
957 2766 1095 2828 concilio

114 2875 313 2950 Tridentino,
334 2873 503 2951 Episcopis
519 2872 594 2932 licet
620 2870 753 2930 mulctas
771 2865 970 2946 pecuniarias
991 2864 1096 2941 impo-

114 2989 203 3046 nere,
229 2971 275 3031 ita
295 2974 332 3030 ut
359 2987 424 3031 non
447 2967 548 3050 judici
574 2964 802 3039 ecclesiastico,
825 2963 880 3024 sed
905 2961 966 3040 piis
994 2959 1096 3021 causis
1165 3008 1171 3023 .

115 3071 233 3132 cedant
251 3066 303 3146 (ἢ).
317 3067 385 3126 Una
399 3069 544 3142 superest
556 3079 650 3142 poena
662 3061 751 3124 laicis
765 3059 899 3139 irrogari
920 3057 1024 3132 solita,
1040 3055 1098 3118 sci·

115 3167 195 3227 lieet
213 3161 346 3242 privatio
361 3163 532 3240 sepulturae
554 3175 666 3220 sacrae.
729 3191 731 3196 =

156 3263 195 3323 ll.
219 3261 338 3320 Praetor
358 3257 624 3337 irregularitatem
640 3253 694 3335 (3),
708 3251 820 3313 clericis
837 3251 1023 3330 infliguntur
1035 3268 1099 3328 pm-

89 3476 102 3494 ‘
154 3471 187 3532 tt)
200 3469 323 3520 clement.
347 3469 366 3527 l,
379 3470 420 3520 tit.
440 3468 471 3517 de
481 3468 607 3518 Sententia
617 3464 889 3515 eccommuaicationts.

154 3550 190 3613 c)
201 3549 341 3599 Concilium
355 3547 537 3604 Tridentium,
550 3559 610 3597 sess.
623 3544 699 3604 XXV,
714 3557 772 3604 cap.
791 3557 829 3604 ur,
845 3543 877 3591 cle
892 3541 1006 3606 Reform.

158 3631 188 3691 (3)
206 3631 298 3692 Supra,
310 3636 376 3692 part.
393 3629 424 3688 ll,
437 3627 469 3676 de
480 3627 501 3676 ll
506 3626 631 3677 ierarchia
647 3623 763 3674 Ordr'ais¹
