2618 4252
439 273 513 319 PARS
535 273 699 320 sinemus.
1003 279 1054 326 287

78 391 175 448 testas
189 387 322 466 regendi
340 389 517 450 Ecclesiam
533 391 628 460 Petro
646 394 679 452 et
692 391 865 469 Apostolis‚
881 409 1056 475 eommque

80 484 318 546 successoribus
332 502 351 546 a
364 485 489 547 Christo
504 486 621 548 tradita
634 486 705 548 fuit.

121 583 159 642 ll.
175 581 311 643 Ecclesia
319 589 347 643 et
358 582 475 644 societas
486 582 644 664 multiplici
654 583 738 646 modo
748 583 910 665 differunt:
921 589 1055 670 origine,

81 679 145 740 tine
161 679 336 754 comediis,
352 680 612 758 proprietatibus.

125 779 155 838 l.
171 777 327 840 Differunt
342 777 463 859 criptae.
480 779 623 840 Ecclesia
637 784 686 841 est
705 782 802 842 aDeo
822 787 973 862 tanquam
991 803 1061 865 gra·

83 874 137 936 tiae
156 875 315 954 largitore,
340 874 459 955 quippe
476 875 618 938 Christus
639 893 710 938 eam
728 879 904 945 constituit.
921 883 1061 945 Societas

85 970 186 1033 civilis
205 973 351 1051 provenit
370 991 388 1034 a
405 975 472 1036 Deo
492 977 644 1052 tanquam
664 979 794 1036 auctore
814 982 935 1040 naturae
953 999 960 1041 :
979 981 1062 1042 unde

85 1071 170 1132 facta
182 1069 320 1130 humana
338 1085 408 1131 suas
430 1075 535 1150 partes
549 1070 669 1133 habent
680 1070 715 1130 in
728 1071 976 1134 determinandis
994 1091 1063 1154 spe·

86 1167 197 1229 ciebus
209 1173 240 1229 et
253 1168 364 1230 formis
379 1169 569 1256 societatum
582 1169 735 1231 civilium.

2 1256 9 1318 ζ
127 1268 157 1325 2.
172 1263 245 1326 Fine
257 1268 289 1328 et
305 1263 404 1325 mediis
424 1265 584 1327 differunt.
601 1266 760 1343 Equidem
776 1271 910 1346 utraque
932 1268 1065 1330 societas

86 1362 125 1421 ad
143 1362 239 1424 tinem
251 1359 390 1422 hominis
403 1362 554 1424 ultimum
569 1362 732 1439 conducit,
747 1363 803 1424 sed
819 1363 943 1425 diverso
955 1366 1064 1426 modo.

88 1460 342 1545 Supematurclis
354 1464 402 1521 est
413 1458 646 1540 fior‘sproaimus
656 1459 820 1536 Ecclesiae,
832 1478 948 1541 nempe
962 1461 1069 1522 homi-

87 1571 168 1615 num
188 1555 407 1618 sanctificatio.
429 1558 587 1618 Naturalis
610 1561 717 1619 autem
740 1562 788 1618 est
811 1558 881 1618 linis
904 1559 1068 1636 proximus

89 1651 252 1715 societatis
267 1654 376 1726 civilis,
393 1653 543 1717 videlicet
560 1655 640 1717 ordo
662 1655 809 1731 exterior,
826 1673 885 1734 pro
906 1657 1069 1718 communi

92 1750 301 1829 prosperitate
324 1751 452 1829 civium,
478 1751 604 1815 interno
627 1752 816 1815 moralitatis
839 1751 953 1814 ordine
973 1753 1070 1814 infor-

92 1851 208 1909 matus.

131 1945 182 2006 Ad
193 1945 298 2007 media
310 1946 396 2024 quod
405 1946 529 2022 attinet,
540 1964 614 2008 oum
623 1947 664 2007 ad
673 1949 769 2007 finem
782 1946 947 2025 proprium
959 1947 1071 2009 utrius·

94 2059 157 2120 que
184 2041 344 2106 societatis
376 2044 575 2122 ordinentur,
606 2045 692 2107 istud
727 2043 899 2106 discrimen
932 2045 1067 2108 existit:

94 2141 200 2202 Status
216 2141 346 2203 adhibet
360 2147 483 2204 tantum
499 2143 605 2204 media
619 2143 822 2222 temporalia;
838 2143 980 2206 Ecclesia
996 2159 1070 2206 vero

93 2238 195 2300 utitur
207 2244 278 2302 tum
292 2239 405 2300 mediis
421 2257 492 2317 quae
507 2239 569 2318 ipsi
586 2245 774 2319 competunt
789 2258 826 2303 ex
839 2247 951 2304 natura
967 2241 1069 2304 socie-

94 2335 170 2398 tatis
183 2337 342 2412 perlectae,
354 2341 423 2400 tum
435 2336 549 2399 mediis
561 2337 777 2416 spiritualibus
788 2338 903 2418 quibus
917 2357 935 2400 a
947 2338 1072 2402 Christo

96 2431 251 2494 instructa
269 2438 330 2509 est,
348 2451 378 2495 v.
397 2453 428 2513 g.
450 2433 645 2514 magisterio,
667 2439 825 2514 potestate
847 2435 968 2498 ordinis
986 2434 1073 2497 circa

96 2529 298 2612 sacrificium,
328 2537 526 2594 sacramenta
558 2537 591 2595 et
622 2532 880 2610 benedictionem
906 2531 1072 2610 disciplina

96 2629 249 2702 fidelium,
266 2634 327 2692 etc.

134 2730 165 2788 3.
179 2727 334 2789 Differunt
341 2728 581 2807 proprietatibus.
590 2729 724 2791 Ratione
732 2727 919 2800 extensionis,
930 2724 1072 2786 Ecclesia

97 2829 144 2885 est
163 2841 227 2885 una
241 2828 274 2884 et
290 2822 491 2899 universalis;
513 2824 648 2902 imperia
664 2841 739 2885 vero
758 2824 863 2885 civilia
877 2821 971 2884 certis
991 2820 1074 2881 limi-

95 2919 180 2981 tibus
203 2920 464 2998 oiroumscripta,
490 2920 628 2998 ideoque
649 2938 708 2999 pro
728 2920 907 2980 diversitate
928 2920 1073 2979 locorum

96 3015 288 3094 multiplicia
302 3022 383 3078 sunt.

137 3113 272 3175 Ratione
290 3113 427 3193 temporis
448 3112 677 3188 amabilitatis,
696 3112 839 3175 Ecclesia
859 3117 906 3174 est
924 3111 1076 3174 immuta-

99 3210 172 3273 bilis
187 3215 219 3272 et
232 3215 398 3288 perpetua.
415 3211 534 3273 Verum
548 3227 647 3289 regna
660 3217 787 3272 terrena
799 3227 908 3272 rerum
921 3211 1074 3273 bumana-

99 3324 170 3370 rum
194 3307 316 3370 vicibus
331 3307 468 3369 obnoxia
488 3303 574 3384 sunt,
595 3308 732 3388 ideoque
753 3308 972 3389 immutantur,
993 3308 1073 3374 divi·

102 3406 229 3483 duntur,
246 3410 441 3470 evertuntur.
