2594 4286
457 321 531 370 atas
552 323 718 374 senellam.
1037 320 1072 370 tt

94 442 224 506 relative
232 440 413 518 sufficienti,
428 441 567 504 carentia
578 443 760 505 defectuum
771 441 917 505 instituto
927 441 1074 522 eligendo

92 541 354 622 repugnantium.

133 641 173 702 ΙΙ.
193 637 370 720 Eeqairitnr
389 637 558 700 immunitas
576 637 613 699 ab
640 637 861 720 impedimentis.
884 641 959 702 Jurc
987 657 1076 702 com-

94 737 185 801 muni
199 737 418 818 impediuntur
431 741 461 799 t⁰
481 736 632 816 Episcopi
653 737 720 801 sine
735 738 865 801 licentia
879 740 985 819 Papae,
1000 755 1075 799 nam

95 837 220 900 ratione
235 835 333 899 officii
347 834 532 916 principalis
544 837 578 899 in
593 836 792 913 dioecesibus,
806 841 960 918 perpetuo
978 836 1075 917 ligan-

96 943 150 999 tur
164 953 230 997 suae
243 933 394 997 Ecclesia
407 933 464 995 suh
478 935 662 997 obedientia
678 935 852 997 Pontificis.
869 939 950 996 —20
963 934 1076 1013 Conju-
1099 983 1102 995 .

96 1054 163 1116 ges,
184 1037 405 1096 consummato
430 1031 645 1110 matrimonio,
668 1037 831 1112 nequeunt
855 1031 979 1113 ingredi
1002 1031 1077 1093 reli-

98 1129 225 1208 gionem
247 1126 309 1187 nisi
327 1127 367 1187 de
385 1143 551 1188 consensu
576 1127 761 1206 compartis,
788 1132 843 1189 aut
865 1125 927 1186 nisi
945 1130 1076 1205 propter

98 1226 261 1288 notorium
283 1224 475 1286 adulterium
499 1225 602 1300 illius;
628 1225 790 1288 vinculum
805 1223 891 1286 enim
911 1224 1077 1286 matrimo-

97 1324 182 1385 niale
194 1323 333 1404 pertinet
345 1323 384 1384 ad
400 1323 547 1386 ordinem
566 1323 710 1403 justitiae,
730 1330 839 1386 contra
861 1339 957 1403 quam
979 1321 1077 1384 virtus

96 1421 262 1501 religionis
281 1440 344 1483 nou
370 1421 531 1499 praevalet.
554 1419 791 1484 Matrimonium
817 1425 922 1482 ratum
947 1419 1078 1482 solvitur

96 1519 294 1599 professione
305 1518 460 1594 solemni;
477 1520 540 1581 duo
551 1535 676 1582 menses
686 1519 757 1598 jure
770 1519 990 1581 conceduntur
1004 1535 1079 1582 con·

93 1615 225 1698 jugibus
247 1619 286 1678 ad
313 1615 556 1679 delicerendum
586 1618 625 1680 de
661 1618 804 1698 ingressu
841 1616 1014 1697 religionis.
1039 1649 1079 1663 -

96 1720 128 1779 3⁰
143 1717 218 1779 AEre
233 1715 338 1777 alieno
354 1716 472 1796 gravati
491 1717 539 1778 vel
552 1717 723 1778 reddendae
742 1715 857 1778 rationi
874 1716 1077 1778 administru-

95 1814 196 1877 tionis
211 1813 351 1876 obnoxii.
368 1847 408 1858 —
419 1817 452 1876 t⁰
465 1813 646 1875 Criminosi.
667 1849 703 1861 -
717 1817 749 1876 5ο
764 1812 835 1875 Filii
851 1813 906 1894 qui
931 1818 1079 1875 tenentur

99 1917 273 1992 egestatem
286 1917 454 1991 parentum
470 1911 644 1973 sublevare.
665 1913 841 1974 Consensus
856 1917 1023 1992 parentum
1039 1910 1078 1972 de

97 2009 264 2074 honestate
285 2012 476 2090 postulatur,
492 2028 556 2073 non
576 2015 623 2074 cst
647 2013 686 2073 de
710 2011 899 2075 necessitate
924 2011 1079 2074 adhiben-

100 2108 170 2171 dus.

139 2205 193 2268 ill.
215 2206 266 2268 An
288 2199 393 2268 cleriei
409 2206 523 2288 possint
549 2212 659 2268 statum
686 2206 854 2288 religiosam
877 2202 1000 2290 ingredi,
1022 2227 1079 2269 non

99 2300 215 2368 obtenta
238 2305 324 2387 prius
349 2305 494 2387 Episcopi
514 2305 639 2368 licentia.
663 2341 703 2352 —
721 2308 752 2367 1⁰
775 2306 913 2370 Clericus
937 2307 1079 2370 officium

101 2405 290 2466 dimissurus
304 2403 409 2480 debet,
420 2422 458 2465 ex
472 2404 542 2484 ipso
558 2405 629 2484 jore
642 2404 790 2478 naturali,
806 2406 974 2467 consilium
987 2422 1079 2467 sunm

99 2503 261 2582 Episcopo
274 2503 406 2582 aperire.
421 2505 539 2566 Verum
556 2504 641 2564 aliud
656 2508 703 2565 est
717 2503 902 2566 discedendi
917 2505 1080 2568 licentiam

99 2602 257 2676 obtinere,
270 2602 356 2662 aliud
366 2603 406 2665 de
419 2602 560 2663 discessu
573 2602 767 2682 Episcopum
780 2602 883 2664 tacere
894 2604 1076 2666 certiorem.

99 2732 138 2747 -
153 2703 185 2761 2⁰
200 2699 377 2788 Episcopus
392 2719 456 2762 non
471 2705 586 2780 potest,
600 2701 787 2780 regulariter
797 2703 969 2783 loquendo,
987 2719 1081 2763 suum

100 2815 264 2860 assensum
273 2797 426 2878 denegare
437 2799 553 2860 clerico
564 2800 737 2878 postulanti
753 2800 890 2863 liberum
903 2799 1080 2879 ingressum

100 2896 274 2977 religionis.

139 2994 231 3057 Prob.
248 2998 280 3057 l⁰
291 2997 338 3057 En
351 2996 430 3075 juris
450 2995 599 3059 textibus.
618 2996 653 3057 ln
666 3014 787 3060 canone
801 2995 878 3058 Duae
891 3003 969 3072 crint,
983 2992 1080 3059 Urha-

100 3111 159 3155 nus
172 3112 254 3174 pape
269 3095 378 3156 statuit
396 3113 403 3156 :
420 3093 458 3155 Si
470 3093 600 3176 qaisflsat
613 3091 762 3176 Episcopo
773 3094 916 3176 populana
930 3100 1040 3156 retinet
1053 3105 1082 3156 ct

99 3192 279 3255 seculariter
294 3193 376 3267 vivit,
399 3195 426 3253 si
438 3191 563 3275 asstante
578 3193 697 3272 Spiritu
718 3193 835 3269 Sancto,
859 3195 889 3255 in
900 3194 998 3276 aliquo
1018 3213 1082 3254 rno-

98 3290 226 3350 nasterio
241 3289 354 3351 sulcare
375 3309 404 3350 se
424 3289 566 3364 uoluerit,
587 3288 676 3350 etiam
688 3289 836 3373 Episcopo
860 3291 1078 3366 contradicente,

99 3395 146 3448 eat
165 3387 241 3448 liber
258 3395 359 3448 nostra
384 3388 571 3450 anctoritate.
586 3419 625 3434 -
637 3390 669 3447 2⁰
687 3389 732 3450 Ex
747 3391 890 3456 unanimi
907 3391 1082 3454 canonista·

96 3505 171 3550 rum
193 3489 354 3550 sententia
369 3505 465 3570 quam
479 3488 513 3548 in
528 3485 620 3549 Brevi
639 3487 736 3549 refert
744 3487 934 3551 Benedictus
945 3490 1024 3553 XIV.
1042 3525 1083 3536 -

99 3589 131 3648 3⁰
154 3587 313 3649 Ratione:
330 3604 367 3649 ex
392 3586 530 3667 religiosi
554 3589 652 3647 status
678 3591 789 3650 natura
815 3592 847 3649 et
870 3586 1078 3652 institutione.

101 3684 215 3748 Clerici
233 3685 352 3748 hahent
369 3685 524 3748 aChristo
540 3683 718 3749 libertatem
741 3684 884 3749 sectandi
904 3685 1000 3749 vitam
1012 3705 1082 3768 perf

223 3799 260 3844 11.
944 3799 960 3844 e
