2594 4286
409 313 413 321 '
461 327 533 371 vsvs
556 327 719 375 servemus.
1047 328 1078 374 ts

137 445 280 518 Ouatuor
290 448 363 506 sunt
373 445 490 524 regulae
502 444 754 524 principaliores,
766 433 885 523 Basilii,
898 447 1076 526 Augustini,

96 541 275 616 Benedicti,
292 542 463 603 Francisci.
480 543 649 606 Alterame
662 550 800 624 quatuor
814 545 985 626 amplexati
1005 548 1078 605 sunt

96 639 243 719 plerique
257 639 441 702 fundatores
455 641 621 715 Ordinum,
637 643 754 704 additis
774 644 898 704 statutis
922 661 975 704 seu
998 659 1077 704 con-

98 735 318 798 stitutionibus
334 738 557 815 peculiaribus,
583 739 698 818 quibus
718 759 807 802 suam
822 741 956 819 quisque
985 740 1077 801 lami-

71 853 75 861 *
96 834 173 894 liam
189 835 229 895 ad
240 835 336 894 finem
349 835 514 913 proprium
529 836 717 898 adduceret.
761 892 766 900 .

139 932 273 994 Ratione
297 932 380 1006 linis,
407 932 541 993 Ordines
575 933 749 1012 generatim
782 935 1020 1014 distinguuntur
1044 935 1077 996 in

97 1035 163 1112 tres
178 1031 306 1104 classes,
321 1034 474 1110 quatenns
488 1031 585 1093 vitam
610 1033 900 1114 contemplativam,
928 1034 1074 1110 activam,

99 1128 232 1189 mixtam
245 1129 444 1207 profitentur.

139 1227 234 1290 Juxta
254 1224 285 1287 S.
310 1226 476 1299 Thumam,
495 1227 682 1288 excellentia
711 1227 803 1288 unius
831 1229 956 1290 Ordinis
984 1247 1077 1308 supra

99 1323 195 1384 alium
212 1323 432 1403 principaliter
446 1324 621 1386 attenditur
632 1326 810 1386 secundum
822 1327 929 1387 finem.
942 1359 981 1373 -
991 1328 1077 1389 lnter

98 1420 279 1500 religiones,
303 1438 487 1500 supremum
515 1422 648 1500 gradum
672 1426 784 1484 tenent
802 1423 909 1485 mixtae
933 1443 1004 1502 quae
1031 1425 1076 1486 sic

99 1518 363 1596 contemplationi
394 1524 513 1592 vacant,
536 1523 570 1580 ut
596 1536 633 1580 ex
656 1519 857 1598 plenitudine
882 1523 1077 1602 contempla-

98 1617 195 1680 tionis
220 1613 436 1695 contemplata
448 1615 594 1677 fidelibus
619 1616 858 1703 communicent
879 1637 938 1696 per
964 1619 1079 1681 doetri-

99 1732 172 1774 nam
192 1719 224 1776 et
247 1715 308 1776 alia
333 1715 439 1777 officia
467 1713 655 1793 spiritualia.
684 1715 774 1776 Sicut
798 1715 883 1775 enim
907 1717 1006 1795 magis
1030 1723 1079 1779 est

98 1811 279 1874 illuminare
291 1831 384 1891 quam
396 1814 623 1887 luceresolum,
639 1812 791 1892 sicmagis
804 1819 851 1874 est
865 1815 1080 1892 contemplata

99 1910 170 1970 aliis
195 1929 233 1971 ex
251 1911 405 1972 charitate
426 1911 562 1982 tradere,
586 1927 680 1988 quam
702 1911 911 1990 contemplari
936 1916 1073 1974 tantum.

99 2009 167 2068 Hoc
182 2009 197 2067 f
197 2008 242 2069 uit
258 2008 399 2068 officium
412 2007 526 2068 Christi
540 2012 571 2068 et
584 2009 819 2084 Apostolorum.
836 2043 876 2052 -
893 2008 1077 2070 Secundum

99 2105 350 2182 gradumtenent
357 2105 526 2183 religiones
535 2119 605 2184 quae
615 2105 655 2165 ad
670 2105 975 2184 contemplationem
991 2107 1078 2167 ordi-

99 2207 235 2276 nantur3
253 2203 381 2264 tertium
399 2220 470 2280 quae
485 2201 571 2263 eirea
588 2220 636 2263 res
657 2205 850 2283 temporales
865 2210 1074 2283 occupantur.

98 2301 173 2362 vita
186 2301 432 2380 contemplativa
445 2301 631 2378 praeeminet
644 2301 755 2362 activae
775 2303 878 2362 solum
890 2303 979 2382 juxta
998 2303 1079 2364 illud

99 2397 217 2460 Christi
232 2417 238 2458 :
253 2385 352 2458 Marto
367 2399 507 2478 optentum
516 2405 633 2478 purtem
644 2397 738 2479 elegit.

140 2497 193 2557 111.
212 2495 387 2558 Divisiones
400 2496 562 2575 generales
583 2497 749 2558 Ordinum.
762 2531 802 2541 -
815 2497 994 2576 Religiones
1010 2506 1082 2561 sunt

102 2596 132 2654 1ο
149 2593 307 2655 Solitariae
318 2611 390 2672 quae
400 2611 465 2654 non
480 2594 892 2673 su·persunt,etCoen0hitae.
905 2627 944 2641 -
955 2598 986 2656 2⁰
1000 2597 1083 2657 Cun-

100 2690 305 2769 templativae,
323 2692 444 2764 aetivae,
456 2691 573 2752 mixta.
588 2726 629 2736 —
642 2694 673 2752 3⁰
689 2692 840 2752 Militares
858 2697 889 2753 et
909 2709 973 2752 non
998 2693 1083 2753 mili·
1132 2729 1140 2748 .

101 2793 196 2850 teres.
213 2821 253 2834 -
267 2795 298 2850 4⁰
316 2789 516 2855 Monachales
531 2795 562 2850 et
580 2790 753 2852 clericales.
768 2823 808 2836 -
820 2792 853 2850 5⁰
865 2789 1082 2852 Mendicantes

103 2890 135 2946 et
146 2903 213 2948 non
236 2886 465 2948 mendicantes.
479 2921 519 2930 —
532 2890 564 2948 6⁰
578 2887 711 2948 Ordines
721 2886 889 2948 hominum
907 2892 938 2946 et
952 2885 1085 2947 semina-

103 3001 184 3046 rum.

147 3084 271 3146 Ordtim
292 3085 513 3166 contemplativi
524 3104 586 3146 .·-
603 3084 725 3163 Religio
745 3083 777 3144 S.
806 3080 924 3142 Basilii.
944 3084 1084 3145 -Reli-

106 3182 158 3261 gio
179 3185 211 3244 S.
237 3181 412 3258 Benedicti,
427 3185 516 3264 eujus
540 3182 671 3244 diversae
687 3179 815 3240 familiae
832 3197 840 3240 :
859 3178 944 3240 Ordo
960 3181 1083 3242 Clunia-

106 3281 227 3356 censis,
256 3281 518 3354 camaldulensis,
549 3278 765 3342 cisterciensis
792 3293 887 3356 quem
914 3277 1083 3340 illustravit

107 3380 139 3440 S.
156 3379 347 3452 Bernardus,
370 3384 402 3440 et
424 3396 462 3440 ex
480 3395 542 3456 qno
556 3377 617 3439 orti
631 3381 705 3437 sunt
722 3375 929 3454 Trappenses.
944 3407 984 3420 —
995 3377 1082 3438 Reli-

106 3471 158 3552 gio
177 3471 407 3534 Garthusiensis
421 3486 439 3532 a
452 3472 485 3534 S.
500 3472 650 3532 Brunone
668 3469 820 3530 institute.
843 3522 845 3528 ,

147 3567 353 3630 Ordineseitta
376 3568 481 3632 macta
503 3565 618 3630 dediti:
643 3573 732 3628 -10
752 3567 902 3629 canonici
924 3568 1083 3646 regulares

109 3683 246 3742 quorum
272 3665 456 3727 fundatores
476 3664 633 3726 habentur
655 3663 808 3728 Eusebius
831 3664 1039 3728 vercellensis
1054 3669 1086 3725 et
