2604 4264
455 307 530 353 PARS
552 307 715 355 suminus,

418 547 694 616 DISSERTATIO
715 549 749 616 ll
865 569 870 588 ·

300 757 338 802 DE
358 756 516 804 SPECIEBUS
541 757 688 804 BONORUM
709 755 868 803 nccunslffl.

135 929 241 994 Variae
263 937 336 991 sunt
365 930 523 992 bonorum
555 929 843 992 ecclesiastieorum
868 929 1001 1009 species,
1026 933 1075 992 vel

91 1029 210 1090 ratione
231 1027 310 1088 modi
329 1047 387 1108 ooo
406 1027 613 1110 acquiruntur,
639 1029 688 1090 vel
719 1028 834 1089 ratione
862 1027 1077 1089 distributionis

91 1146 206 1188 eorum.

136 1223 272 1286 Ratione
287 1223 376 1285 modi
392 1240 456 1303 quo
476 1222 695 1302 acquiruntur,
713 1221 863 1286 differunt
877 1223 1032 1285 oblationes
1046 1229 1078 1285 et

91 1321 291 1401 fundationes.

90 1468 92 1470 .
138 1418 274 1481 Ratione
283 1417 515 1480 distributionis
525 1417 866 1480 eoruminterolerieos
877 1419 1078 1495 eteoclesias,

94 1517 255 1580 distincta
269 1521 340 1577 sunt
355 1515 426 1576 boon
440 1515 617 1598 beooyioablio
630 1522 661 1578 et
676 1515 748 1576 bono
760 1515 952 1596 fabricarum.

133 1664 227 1719 Cunus
251 1665 272 1720 l.
301 1665 339 1718 De
354 1662 562 1720 oblationibus.

134 1752 225 1808 Canus
241 1752 276 1808 ll.
300 1752 339 1808 Ile
353 1751 581 1808 fundationibus

132 1839 224 1895 Cunna
238 1839 285 1894 ill.
302 1842 341 1894 De
354 1838 512 1894 benefieiis.

134 1927 225 1983 Cunus
244 1928 288 1982 IV.
304 1927 344 1982 De
357 1925 484 1984 fabricis.

510 2144 641 2206 CAPUT
663 2145 676 2204 l

388 2390 391 2399 Ι
409 2318 463 2367 Be
491 2317 774 2367 oblationibus.
849 2365 852 2372 ,

133 2486 200 2539 Ans.
223 2483 245 2540 Ι.
270 2486 309 2539 De
324 2483 519 2541 oblationibus
532 2483 564 2539 in
576 2499 694 2554 genere.

135 2575 204 2630 Anu.
224 2575 256 2628 ll.
272 2575 312 2628 lle
326 2573 463 2645 primitiis
477 2577 506 2629 et
517 2572 649 2630 decimis.

471 2793 692 2850 ARTlCULUS
706 2795 720 2849 1

381 2971 414 3010 DE
433 2971 622 3011 enimomnes
642 2971 672 3010 IN
690 2969 805 3010 GENERE.
880 2973 887 2984 ‘

141 3130 341 3205 Oblationes,
359 3136 514 3210 quatenus
532 3149 550 3193 a
571 3130 811 3193 fundationibus
832 3129 992 3204 differunt,
1012 3135 1086 3192 sunt

99 3226 186 3288 hona
208 3227 344 3289 rnobilia
359 3247 430 3309 quae
446 3231 556 3290 fideles
571 3229 692 3290 donant
714 3227 831 3288 intuitu
855 3227 1027 3307 religionis,
1050 3233 1086 3290 ut

99 3323 219 3384 cedant
230 3324 265 3384 in
279 3342 372 3386 usum
387 3325 549 3400 Ecclesia,
564 3332 619 3389 aut
633 3342 796 3388 saeuorum
811 3324 1042 3388 ministrorum.

135 3473 151 3536 ᾗ
167 3473 191 3524 l.
207 3471 302 3526 Variae
317 3473 427 3542 speeies
439 3472 632 3529 oblationum.

135 3561 152 3624 ξ
167 3561 194 3614 2.
212 3559 372 3631 Disciplina
386 3560 422 3616 de
434 3561 643 3619 oblationibus.
