2590 4262
445 276 519 321 PARS
547 275 710 322 SPECIALIS.
1014 286 1064 332 241

82 403 189 460 movet
221 402 252 459 et
288 394 372 457 civili
404 392 554 473 potestati
584 391 700 454 debitis
728 397 831 474 poenis
860 399 1066 462 afficiendum

81 495 191 557 tradit.

122 593 175 653 lll.
193 591 314 652 Ratione
323 589 401 670 finis,
420 605 522 666 poenas
537 588 722 650 dividuntur
735 590 769 650 in
782 591 973 670 medicinales,
992 612 1068 674 qua-

83 690 130 750 les
149 693 224 749 sunt
244 686 440 768 poenitentia
455 689 486 768 et
504 702 656 759 censurae,
675 691 707 746 et
729 687 762 747 in
786 689 976 752 vindicatione
994 710 1067 771 quas

82 786 216 866 proprie
233 784 383 846 dicuntur
395 800 499 862 pene.
646 790 649 797 '

124 888 154 945 l.
174 885 273 963 Hujus
295 879 474 961 partitionis
502 879 582 940 ratio
612 881 705 941 variis
732 885 836 944 modis
862 886 1064 963 proponitur.

83 981 199 1055 Penne,
214 987 280 1042 tres
304 985 375 1039 sunt
400 974 599 1038 conditiones
624 977 900 1057 delinquentium:
921 981 986 1055 alii,
1005 983 1070 1042 sin·

83 1097 160 1142 cero
176 1079 288 1139 dolore
302 1071 452 1152 correpti,
473 1074 668 1134 confitentur
684 1077 818 1150 crimen,
834 1078 874 1136 ad
889 1079 1066 1156 legitimam

83 1181 293 1256 peccatorum
312 1171 525 1249 expiationem
540 1171 661 1248 parati;
680 1172 732 1232 alii
748 1179 951 1235 contumaces
962 1177 1068 1236 corri-

82 1272 186 1353 pienti
199 1269 350 1334 Ecclesiae
366 1266 534 1340 obsistunt,
552 1268 591 1328 de
607 1267 722 1345 quihus
736 1273 843 1330 tamen
857 1276 904 1332 est
916 1271 1067 1351 prohabi-

82 1372 122 1433 lis
138 1387 211 1449 spes
227 1367 313 1446 quod
326 1364 414 1426 brevi
434 1364 641 1443 resipiscant;
658 1364 711 1424 alii
734 1368 865 1427 demum
887 1368 1070 1447 pervicaces

82 1465 270 1529 incrimine
291 1465 503 1541 perseverant,
527 1461 649 1522 sublata
671 1479 726 1540 spe
747 1463 973 1525 conversionis.
1002 1467 1069 1526 Ad-

82 1581 197 1626 versus
216 1561 334 1641 primos
347 1557 537 1639 pernitentiis,
558 1558 706 1619 adversus
721 1559 913 1638 posteriores
926 1562 1064 1634 ceucris,

83 1663 236 1723 adversus
249 1662 424 1736 postremos
432 1655 526 1736 penis
535 1653 715 1718 vendicaticis
726 1657 867 1718 Ecclesia
880 1657 1069 1736 regulariter

83 1752 311 1818 animadvertit
325 1753 379 1834 (l).

123 1852 272 1928 Secundo,
294 1853 327 1911 in
342 1850 470 1912 delictis
482 1851 564 1912 inest
581 1849 731 1930 corrupti)
752 1850 977 1929 delinquentis,
998 1870 1067 1912 con·

86 1959 213 2033 temptas
230 1952 349 2030 legum,
365 1954 398 2010 et
412 1948 542 2028 contagio
561 1946 636 2008 mali
659 1947 794 2026 exempli
811 1967 819 2021 ς
835 1950 1068 2026 proptereatri·

85 2050 159 2130 plex
177 2064 343 2128 poenarum
370 2063 468 2124 genus
487 2046 520 2106 in
543 2047 613 2107 loro
639 2045 793 2107 canonico
816 2045 924 2107 locum
949 2047 1065 2122 hahet;

85 2147 240 2208 videlicet
256 2143 435 2226 penitentie
448 2143 482 2203 in
502 2160 555 2204 eos
576 2143 631 2221 qui
654 2145 867 2218 confitentum
884 2163 1012 2205 censure
1026 2146 1065 2205 ad

86 2245 239 2308 tuendam
259 2241 481 2304 auctoritatem
506 2239 668 2315 Ecclesiae,
693 2245 724 2301 et
745 2242 980 2302 contumaciam
998 2259 1067 2303 reo-

84 2359 160 2403 rum
172 2342 379 2420 frangendam
391 2356 502 2419 ;poene
514 2337 708 2413 vindicatione,
723 2355 856 2416 quarum
866 2341 996 2402 effectus
1011 2340 1068 2401 ali-

85 2441 159 2519 quis
172 2446 245 2520 post
260 2445 422 2519 peractam
436 2437 656 2516 poenitentiam
668 2444 811 2500 remanet
825 2439 877 2520 (ἢ).

122 2541 154 2600 2.
174 2537 351 2600 Paenitentia
368 2536 428 2598 sita
448 2541 495 2597 est
514 2535 547 2594 in
562 2535 657 2596 certis
669 2535 730 2613 piis
744 2537 893 2614 operibus
916 2555 934 2598 a
956 2553 1067 2616 pecca·

85 2641 155 2698 tore
180 2641 235 2698 aut
262 2639 374 2714 sponte
391 2633 548 2712 susceptis
568 2639 623 2694 aut
645 2633 685 2694 ah
711 2634 852 2696 Ecclesia
868 2631 1064 2711 impetratis,

84 2751 112 2794 v.
144 2752 172 2821 g.
188 2734 235 2794 in
245 2733 378 2812 jejunio,
397 2733 612 2810 eleemosyna,
630 2731 784 2806 oratione,
802 2729 1069 2809 peregrinationi-

85 2831 155 2893 bus,
168 2834 289 2892 Praeter
299 2830 519 2908 poenitentiam
530 2833 644 2906 sponte
658 2833 850 2905 susceptam,
863 2825 1067 2903 distinguitur

85 2929 275 3010 poenitentia
290 2926 526 2988 sacramentalis
542 2940 560 2984 a
577 2923 795 2984 sacerdotibus
811 2924 843 2983 in
858 2924 927 2984 loro
941 2921 1067 2984 interno

76 3027 246 3106 imposita,
266 3033 298 3087 ct
311 3023 499 3104 poenitentia
516 3019 645 3099 publica
658 3020 698 3080 ab
715 3020 753 3079 iis
770 3020 891 3082 indicta
905 3019 960 3098 qui
970 3019 1067 3098 juris-

87 3126 264 3189 dictionem
279 3126 443 3184 externam
456 3120 489 3180 in
501 3117 644 3180 Ecclesia
656 3122 815 3178 exercent.

127 3226 268 3287 Censura
289 3225 321 3281 et
343 3216 529 3298 poenitentia
548 3215 581 3274 in
600 3231 638 3275 eo
659 3211 862 3290 conveniunt,
884 3215 970 3293 quod
985 3215 1068 3276 rele-

86 3328 197 3384 rantur
214 3318 417 3400 potissimum
438 3315 477 3374 ad
505 3311 762 3374 emendationem
788 3310 845 3388 rei,
872 3313 948 3373 dum
973 3330 1067 3392 poena

27 3489 30 3494 ,
87 3419 221 3500 respicit
245 3415 419 3478 vindictam
448 3409 623 3491 publicam.
652 3407 808 3469 Differunt
831 3426 905 3471 nero
931 3409 1067 3472 invicem

112 3565 152 3632 ¹(it
169 3561 281 3621 senardi,
295 3556 481 3610 commentaria
494 3555 522 3604 in
536 3552 584 3618 jus
597 3551 800 3614 ecclesiasticum,
809 3560 829 3603 t.
844 3555 885 3616 lv,
901 3569 960 3616 pars
974 3555 1006 3616 11,
1017 3555 1068 3602 dis·

87 3652 150 3695 sert.
168 3642 188 3693 l.
204 3667 231 3678 -
247 3638 283 3702 (tl
297 3641 426 3701 Zallingor,
442 3632 699 3696 Jnscceleeiusticunn,
710 3632 754 3685 lib.
769 3633 799 3695 V,
816 3634 856 3684 tit.
869 3649 965 3684 xxnrn.

210 3739 247 3782 ΙΙ.
636 3749 641 3764 ·
915 3731 948 3776 lt
1014 3738 1017 3742 '
